1913 2610
165 110 216 147 ,μ
512 87 891 133 LIBVIII.
954 87 1489 135 RESPIRATIO.

158 185 234 227 tius
258 182 383 225 adfixa
410 184 563 228 forent,
586 182 627 222 in
650 184 769 224 costas
791 181 973 224 inferiori
995 180 1169 222 dimidio
1195 181 1339 238 pariter
1362 181 1510 240 pollice
1547 183 1723 242 propius.
1750 185 1810 226 Ea

158 244 222 284 fila
244 241 416 288 adtraxi,
452 257 570 283 minu
590 241 753 283 inferius
772 242 914 298 posita,
957 246 999 282 &
1023 255 1156 281 tamen
1189 242 1290 281 costa
1314 256 1477 297 quaeque
1500 240 1668 284 inferior
1683 244 1732 285 ad
1749 245 1810 285 su-

158 302 359 359 periorem
376 300 562 350 accessit(
579 305 644 348 s),
682 306 723 342 &
742 302 933 341 costarum
956 298 1163 340 intervalla
1187 298 1381 341 diminuta
1407 302 1502 342 sunt.

219 361 340 401 Tunc
356 360 403 400 ad
426 360 609 403 vivorum
631 358 859 400 animalium
887 358 1078 399 sefflones
1102 358 1253 398 acceffi.
1299 359 1356 399 Ea
1368 374 1462 400 vero
1475 373 1534 399 res
1554 359 1720 415 aliquam
1735 360 1809 403 ha-

185 435 222 462 et
247 418 532 460 difficultatem.
594 417 758 458 Minora
775 423 816 458 ὃς
833 417 973 458 timidi
995 416 1178 458 animalia
1221 419 1340 459 costas
1371 433 1473 471 aegre
1505 433 1669 460 movent
1707 423 1807 468 (t),

156 479 224 536 ipsi
247 493 363 519 canes
393 477 665 534 inspirationes
697 475 847 518 faciunt
881 476 1145 521 breviffimas,
1178 490 1274 529 quas
1300 476 1508 532 exspiratio
1538 477 1658 518 subita
1683 477 1812 532 sequi-

157 553 218 579 tur
243 542 316 585 (u)
332 563 342 582 ,
375 536 616 592 longumque
637 537 719 592 post
747 534 996 576 intervallum
1018 534 1092 575 alia
1113 533 1283 589 sequitur
1306 534 1522 591 inspiratio,
1554 537 1608 576 Ut
1631 550 1725 588 ergo
1749 536 1812 577 be-

157 597 231 638 stiae
261 596 567 637 inrercostfflbus
609 594 788 635 musculis
818 593 1096 636 vehementius
1123 607 1325 634 uterentur
1342 620 1353 640 ,
1399 592 1580 634 dolorem
1603 593 1741 640 intuli,
1771 600 1812 636 ὃ(

156 654 297 697 dolore
320 655 401 711 ipso
424 654 691 695 efficaciorem
713 653 963 695 anxietatem.
1015 651 1220 693 Perforavi
1244 652 1352 692 enim
1376 652 1549 709 pleuram
1578 651 1734 694 alterius
1756 652 1812 693 la·-

154 714 247 757 teris
272 719 323 761 (x
341 719 358 761 )
374 741 384 758 ,
418 729 481 754 aut
505 713 761 770 diaphragma
780 717 858 768 (y)
874 739 884 757 ‚
907 725 948 752 ut
967 726 1031 752 aer
1055 726 1123 768 per
1144 711 1349 752 bronchos
1369 712 1498 767 pectus
1516 725 1618 763 aegre
1641 711 1781 755 subiret
1799 739 1812 757 .,

157 779 198 815 ὃ(
218 772 364 825 sanguis
381 772 542 813 difficile
561 787 628 829 per
650 770 856 828 pulmones
877 771 952 812 iter
969 770 1147 811 haberet.
1175 770 1236 810 Ita
1259 769 1442 826 inprimis
1461 768 1637 810 efficacia
1662 770 1813 811 muscu-

153 832 283 873 lorum
311 830 617 872 intercostalium
635 831 792 882 egregie
816 828 1044 887 dispalescit.
1074 828 1240 869 Deinde
1263 828 1417 885 semper
1440 827 1482 867 in
1506 828 1658 869 summo
1677 829 1813 869 thorau

156 906 203 932 ce
221 894 296 940 (z)
316 916 325 936 7
364 896 405 932 &
438 891 480 929 in
503 890 586 930 imo
619 888 844 930 evidentior
862 891 912 929 est
936 893 1012 937 (a)
1034 914 1045 932 ,
1069 887 1209 942 quibus
1225 886 1326 927 locis
1356 885 1478 938 major
1499 888 1550 926 est
1567 885 1608 926 in
1625 885 1812 928 firmitate

156 951 269 991 costae
302 948 482 1004 cujusque
500 947 705 1006 superioris
729 947 939 990 diversitas.
989 946 1036 986 In
1062 945 1196 987 medio
1218 945 1382 986 thorace
1413 959 1473 985 res
1508 945 1607 1001 saepe
1629 944 1714 986 satis
1740 946 1812 987 ob-

153 1009 261 1049 scura
292 1008 388 1053 fuit,
443 1023 535 1049 cum
567 1005 748 1061 cujusque
784 1008 896 1048 costae
924 1004 1089 1047 firmitas
1130 1020 1269 1062 parum
1302 1004 1527 1045 vicinarum
1563 1003 1810 1044 stabilitatem

156 1068 309 1123 superet
344 1069 398 1116 (b
419 1071 447 1115 ).

215 1127 391 1183 Oportet
418 1140 549 1167 autem
581 1123 776 1167 destruffls
799 1122 1111 1165 intercostalibus
1131 1121 1305 1163 externis
1324 1119 1518 1162 musculos
1541 1119 1720 1160 internos
1741 1118 1806 1159 de-

150 1183 304 1225 nudate
324 1189 370 1233 (c
383 1189 412 1233 )..
443 1184 565 1225 Tunc
575 1183 799 1242 adparebit,
823 1196 1010 1240 tempore
1033 1180 1302 1238 inspirationis
1318 1179 1503 1220 internos
1521 1182 1600 1226 (d)
1627 1193 1720 1218 cum
1738 1192 1809 1218 ex·-

152 1243 278 1285 ternis
301 1242 507 1289 contrahi,
541 1258 691 1286 tumere
712 1247 787 1292 (e)
808 1268 819 1287 2
844 1241 1044 1295 corrugari
1066 1245 1117 1291 (f
1130 1244 1144 1286 )
1163 1266 1174 1286 ,
1199 1236 1545 1296 perpendiculares
1567 1236 1682 1276 reddi
1703 1241 1755 1291 (g
1769 1240 1783 1283 )
1797 1261 1810 1282 ‚

156 1301 405 1345 indurescere
437 1306 540 1352 (ωε
598 1301 802 1360 adparebit
824 1316 918 1342 cum
948 1300 1014 1341 ista
1049 1314 1187 1341 eorum
1214 1298 1369 1340 afflone
1401 1294 1591 1349 conjungi
1622 1296 1812 1337 costarum

152 1359 423 1403 elevationem
454 1367 468 1409 <
481 1364 528 1411 le)
543 1388 554 1407 ‚
605 1361 847 1402 rotationem
885 1363 982 1407 (l),
1035 1356 1224 1409 marginis
1266 1355 1470 1395 inferioris
1511 1352 1812 1395 conversionem

147 1419 205 1462 ..ad
231 1420 385 1478 priora,
433 1419 630 1464 exteriora
677 1422 767 1469 (m)
783 1443 795 1463 ,
837 1416 954 1458 sterni
991 1414 1253 1457 eminentiam
1297 1416 1420 1464 (πμ)
1438 1439 1449 1459 ,
1507 1410 1810 1514 ἀίαρὶπὲἓῗηῑίε

1642 1503 1648 1512 .
1676 1482 1695 1508 e
1713 1481 1810 1516 cen-2

205 1592 219 1632 (
230 1591 263 1634 s)
286 1596 415 1626 Memoire
437 1596 508 1635 Exp.
535 1603 563 1625 1.
586 1603 640 1626 ⁴221.

196 1633 259 1674 (z)
283 1638 354 1705 {xp
383 1645 412 1673 7.
433 1639 460 1668 8.
489 1645 533 1666 11.
555 1643 606 1672 44.

201 1675 263 1797 ἓξὲξ
285 1686 356 1756 Εζξ.
379 1685 557 1754 ἔξίξῗᾎς.
580 1721 691 1754 2425.

199 1758 263 1839 (ἐξ
285 1759 358 1838 gig.
381 1759 409 1838 ξ.
435 1800 481 1829 16.
504 1802 687 1833 19.20.24.
715 1800 764 1834 25.
785 1795 835 1826 26.
855 1802 902 1833 ²7·
918 1795 967 1826 28.
992 1803 1106 1835 3·o.31.*

205 1838 262 1877 (a)
285 1839 356 1877 Exp-
386 1848 432 1877 ³0·
1785 1841 1801 1864 τ

204 1879 260 1920 (b)
283 1880 354 1918 Exp.
375 1887 425 1918 ²7·
447 1887 497 1916 29.
522 1885 570 1916 30·
600 1883 647 1914 31.

202 1921 260 1959 (c)
282 1921 352 1958 Exp.
376 1928 404 1956 9.
426 1928 471 1948 ιο.
499 1926 543 1947 11.
566 1925 615 1946 22.
637 1925 685 1955 23.
700 1925 753 1953 '24-
775 1923 824 1956 ις.
851 1917 899 1947 26.
931 1917 980 1947 28.

201 1959 262 2001 (d)
285 1961 355 1998 Exp.
378 1966 404 1999 5.
421 1961 447 1990 8.
475 1967 520 1988 12.
553 1966 599 1996 1'3·
621 1964 664 1992 14-
687 1967 732 1996 15.
758 1960 802 1988 16.
834 1959 878 1988 ιε.
905 1966 950 1994 19.
975 1965 1024 1986 22.
1048 1964 1096 1994 23·
1121 1960 1169 1990 24.
1194 1961 1243 1993 25.
1264 1956 1313 1986 26.
1336 1953 1384 1984 28.
1406 1956 1524 1990 ιαμ.

201 2002 259 2040 (e)
283 2002 353 2039 Exp.
375 2004 403 2032 6.
422 2001 448 2030 8.
470 2007 500 2035 9.
525 2007 570 2028 10.
593 2006 639 2027 11.
660 2005 704 2034 14·
725 2000 769 2028 16.
792 2006 843 2035 17·
860 2006 908 2027 22.
925 2005 972 2035 ²3·
996 2005 1047 2033 24.
1071 2002 1120 2036 25.
1142 2004 1190 2035 27.
1213 2004 1261 2034 30.

205 2040 356 2080 (f)'Exp-
379 2050 412 2078 7·
430 2049 460 2077 9·
486 2047 536 2078 25·

201 2081 261 2122 (g)
283 2081 353 2119 Exp.
378 2090 424 2110 11.
457 2088 503 2118 ¹3-
532 2080 578 2109 16.
604 2086 650 2117 30.

204 2121 260 2162 (h)
284 2121 354 2159 Exp.
377 2122 405 2150 8.
429 2128 477 2157 ²7·

191 2163 261 2201 1(i)
285 2162 353 2199 Exp.
386 2169 410 2198 5.
437 2169 484 2198 17.
515 2167 561 2195 19.
581 2164 632 2197 25.
655 2162 704 2191 26.

202 2202 264 2242 (k)
288 2202 358 2240 Exp.
381 2203 408 2230 3.
433 2209 476 2228 11.
505 2209 550 2228 12.
575 2207 619 2236 ¹5·
646 2203 692 2230 16.
717 2206 763 2235 17.
780 2206 826 2235 19.
848 2207 1024 2238 20.22.23.
1039 2205 1091 2235 24.
1110 2202 1160 2237 25.
1182 2199 1231 2229 26.
1252 2205 1300 2236 27·
1322 2196 1371 2227 28.
1397 2201 1511 2233 3041.

203 2244 259 2283 (l)
283 2243 352 2280 Exp.
378 2250 421 2269 11.
447 2247 557 2277 12.15.
579 2243 624 2269 16.
652 2249 696 2280 17.
720 2238 764 2269 18.
787 2248 836 2269 20.
854 2248 902 2269 22.
924 2248 973 2278 23.
999 2242 1048 2271 26.
1620 2272 1625 2278 ,

204 2285 258 2325 (m)
281 2283 351 2321 Exp.
378 2291 407 2310 2.
445 2286 488 2318 15.
521 2280 568 2312 ¹6.
594 2288 644 2311 2-1.
679 2289 726 2320 37.
766 2280 811 2310 Sc
825 2287 1084 2318 agnuam-1183
1120 2276 1231 2320 physml.
1272 2287 1301 2318 p.
1344 2273 1558 2307 CLXXXVII.
1599 2271 1657 2314 diff.
1688 2272 1740 2303 1x.
1779 2277 1808 2300 ns

156 2326 298 2402 &kl-²45)
324 2363 391 2402 [xp.
421 2369 446 2389 2.
473 2368 522 2389 21.
