1913 2610
204 131 259 166 40
598 114 729 158 LIB.
767 113 930 159 VIII.
992 114 1453 157 RESPIRATIO.

263 210 415 249 Verum
439 208 562 249 multo
585 207 708 259 major
727 209 777 248 est
798 207 858 249 vis
875 207 983 252 veri,
1001 222 1128 262 neque
1147 208 1253 248 enim
1271 207 1462 249 musculus
1486 205 1613 247 intere
1630 205 1754 249 ostalis
1775 207 1839 248 in·-

206 282 336 307 ternus
358 267 589 307 inseriorem
609 266 732 307 finem
751 281 889 307 centro
912 282 1041 307 morus
1052 267 1281 322 propiorem
1297 267 1438 311 habet,
1456 280 1572 320 quam
1584 268 1633 305 est
1654 266 1838 321 superior.

262 326 367 366 Cum
388 326 496 366 enim
519 340 740 382 opportune
762 323 941 366 vetuiffet
966 324 1024 365 Ill.
1062 326 1449 366 HAMBERGERUS
1483 328 1496 370 (
1520 331 1540 365 k
1564 329 1605 370 ),
1647 324 1838 366 distantias

206 383 288 425 istas
311 401 331 425 a
353 397 491 426 centro
520 399 648 425 motus
672 398 739 440 per
764 386 951 424 costarum
978 400 1113 425 curvas
1133 384 1256 425 lineas
1279 384 1433 429 metiri,
1451 382 1679 438 jussiffetque
1700 383 1757 423 uti
1779 384 1839 424 di-

205 443 349 484 stantiis
366 442 751 500 perpendicul.tribus
769 470 779 488 ,
804 444 850 483 ad
872 443 939 483 has
962 443 1154 484 mensuras
1172 443 1372 483 sumendas
1396 442 1532 483 acceffi
1550 469 1561 488 ,
1597 447 1638 483 ὃ(
1661 441 1840 498 adparuit

208 516 289 541 non
308 517 443 543 verum
475 502 549 542 esse
567 529 578 546 ,
611 500 823 541 musculum
849 500 1103 542 intercostalis
1128 501 1273 543 interni
1300 500 1418 558 primi
1450 500 1704 542 insertionem
1736 500 1840 541 infe—

207 560 353 600 riorem
372 575 508 602 centro
529 576 656 601 monis
675 560 903 617 propiorem
920 559 994 601 effe
1008 587 1019 605 ,
1042 575 1156 614 atque
1175 560 1273 600 adeo
1287 558 1448 600 unicum
1468 559 1590 600 totius
1600 559 1840 600 demonstra-

206 618 325 659 tionis
354 619 385 657 B
397 636 419 658 A
435 635 489 659 vi,
502 635 520 658 E
537 635 640 659 ΑΗΕ
684 626 725 660 ὃς
762 619 802 658 H
817 633 839 657 A
856 633 886 657 M
900 634 920 658 Β
935 633 955 657 E
967 634 990 659 R
1007 635 1025 660 c
1039 634 1059 658 E
1071 634 1096 658 R
1112 634 1125 657 1
1138 635 1161 658 A
1175 635 1199 658 N
1213 635 1247 659 AE
1287 618 1585 659 fundamentum
1623 632 1672 657 ex
1714 618 1838 659 fundo

204 677 422 718 subversum
447 692 569 718 ruere.
602 677 766 734 Propter
783 676 972 728 majorem
995 677 1103 718 enirn
1122 679 1230 718 coilae
1254 676 1454 717 inferioris
1471 675 1765 730 longitudinem
1776 691 1840 717 re-

203 750 358 792 pertum
390 739 459 781 est,
488 736 707 777 distantiam
728 735 932 792 superioris
966 734 1056 776 finis
1089 735 1168 788 ejus
1202 734 1362 776 musculi
1386 750 1405 775 a
1428 751 1566 777 centro
1594 736 1839 780 motus,s1ve

204 795 335 835 media
356 811 447 836 cum
458 795 646 837 vertebris
670 794 942 835 articulatione
960 822 971 840 ,
987 795 1061 835 esse
1084 795 1139 835 uti
1161 810 1226 839 20,
1258 794 1457 835 inferioris
1468 795 1525 835 uri
1557 810 1620 844 34.
1634 798 1648 841 (
1664 797 1725 841 l),
1749 799 1790 835 &
1811 795 1840 834 fi

201 856 321 894 costis
349 853 444 910 ipsas
470 854 628 895 metitus
652 853 770 894 fueris
788 880 798 898 ,
816 853 1020 909 superioris
1043 869 1084 894 ut
1104 859 1198 902 394,
1222 852 1422 894 inferioris
1435 868 1475 893 ut
1503 859 1574 905 54}
1593 856 1682 900 (m).
1703 853 1838 893 Adeo-

201 927 276 966 que
298 929 318 953 Β,
339 916 483 968 Ριιηᾶο
509 913 642 953 medio
662 911 944 954 articul-ationis
969 911 1131 952 musculi
1159 911 1306 952 interni
1329 911 1631 968 primisuperior
1649 909 1740 952 finis
1755 926 1840 951 non

199 970 323 1011 solum
347 986 428 1012 non
454 967 646 1012 remotior
669 974 743 1016 est,
778 970 841 1010 sed
859 970 1027 1011 omnino
1045 970 1230 1027 propior,
1264 970 1342 1012 five
1363 971 1529 1015 costam,
1559 970 1636 1011 five
1669 984 1840 1026 perpen-

199 1029 416 1070 dieularem
439 1030 655 1071 distantiam
681 1028 853 1070 sumseris
870 1055 881 1074 ,
911 1029 1010 1070 &in
1032 1029 1183 1069 ratione
1220 1045 1286 1079 34.
1309 1028 1358 1069 ad
1378 1044 1431 1070 20
1448 1055 1459 1074 ,
1496 1028 1561 1070 vel
1587 1043 1677 1078 109.
1700 1028 1746 1068 ad
1771 1042 1839 1080 79.

154 1137 156 1139 ‚
199 1090 301 1128 costa
326 1088 491 1129 inferior
525 1088 714 1130 mobilior
751 1088 836 1129 erit.
869 1088 1022 1128 Eadem
1060 1086 1359 1140 argumentandi
1398 1088 1498 1129 ratio
1541 1087 1590 1128 ad
1626 1085 1840 1127 minimum

197 1146 246 1186 ad
287 1147 491 1203 septimam
529 1148 642 1202 usque
662 1150 806 1189 costam
829 1147 911 1203 pari
932 1162 1023 1187 cum
1049 1147 1192 1187 robore
1232 1145 1334 1186 redit
1355 1172 1366 1191 ,
1395 1151 1436 1187 ὅ(
1476 1159 1639 1200 quaeque
1675 1144 1840 1185 inferior

196 1206 299 1246 costa
324 1205 511 1262 superiori
535 1205 693 1259 longior
722 1208 794 1251 est,
821 1212 862 1247 ὃ(
884 1204 1042 1246 insertio
1069 1204 1322 1245 intercostalis
1340 1204 1488 1245 interni
1509 1201 1677 1260 superius
1700 1217 1839 1244 centro

196 1279 326 1305 motus
352 1264 536 1321 propior,
583 1264 739 1305 inferne
785 1264 991 1305 remotior.
1053 1263 1115 1304 Ex
1153 1264 1230 1320 ipsa
1267 1278 1360 1316 ergo
1398 1263 1630 1303 HAMBER
1649 1275 1698 1302 GE
1714 1274 1766 1301 R1
1797 1267 1840 1303 ὅῑ

199 1321 395 1364 'flium
418 1324 747 1364 demonstratione
779 1323 813 1365 is
836 1322 1024 1364 musculus
1056 1321 1312 1363 intercostalis
1347 1321 1523 1362 internus
1554 1321 1698 1363 costam
1727 1321 1841 1379 supee

197 1381 346 1429 riorem
372 1398 455 1422 non
480 1382 679 1428 detrahet,
702 1382 768 1423 sed
782 1382 929 1423 levabit
958 1380 1104 1435 utique.
1143 1380 1146 1384 “

220 1432 223 1441 Χ
255 1440 299 1480 Si
325 1455 369 1480 ea
401 1440 467 1480 lex
491 1440 542 1481 de
576 1441 724 1496 septem
757 1439 871 1479 costis
900 1438 1002 1479 veris
1031 1449 1124 1485 verti
1150 1440 1223 1484 est,
1280 1453 1482 1494 nunquam
1508 1437 1617 1479 volet
1655 1435 1720 1478 vel
1753 1435 1839 1493 ipso

197 1497 239 1537 H
252 1513 275 1537 A
288 1513 319 1538 M
331 1513 351 1539 B
363 1513 384 1538 E
398 1514 423 1539 R
437 1514 456 1539 c.
468 1514 488 1538 E
502 1513 527 1539 R
539 1515 563 1539 u
575 1514 588 1538 s
606 1526 617 1543 ‚
633 1496 897 1539 intercostales
918 1496 1097 1538 internos
1115 1498 1264 1538 eostaru
1273 1512 1313 1536 m
1335 1497 1568 1538 inferiorum
1586 1508 1696 1536 tanto
1714 1494 1840 1536 mobi-

195 1555 362 1602 liorum,
396 1559 514 1598 costas
539 1557 754 1614 superiores
777 1555 1006 1601 detrahere,
1037 1571 1120 1610 quae
1140 1561 1186 1598 &·
1215 1556 1262 1596 ab
1297 1555 1471 1598 exoernis
1487 1581 1498 1600 ,
1527 1559 1569 1596 ὅ(
1601 1553 1648 1595 ab
1672 1553 1839 1595 internis

194 1615 376 1656 musculis
399 1616 706 1658 intercostalibus
722 1616 794 1657 suis
817 1615 976 1656 elevatae
997 1615 1155 1657 fuerint.
1186 1615 1362 1671 Superest
1375 1643 1386 1661 ,
1425 1630 1515 1656 cum
1536 1612 1567 1653 ii
1589 1611 1750 1654 musculi
1772 1612 1837 1652 in-

195 1689 255 1714 ter
277 1677 396 1715 costis
420 1675 560 1732 spurias
592 1690 725 1717 tamen
748 1675 1051 1720 contrahantur,
1079 1691 1122 1716 ut
1146 1673 1194 1714 ad
1224 1673 1368 1716 levatas
1385 1671 1602 1729 superiores
1624 1672 1745 1713 costas
1759 1671 1840 1713 suas

193 1732 403 1775 inferiores
413 1737 532 1775 costas
543 1734 676 1776 levent
687 1761 699 1780 ,
718 1749 832 1789 atque
845 1734 945 1774 adeo
958 1759 969 1777 ,
988 1747 1037 1774 ex
1051 1733 1128 1790 ipsa
1145 1733 1186 1773 H
1202 1747 1225 1771 A
1238 1747 1270 1771 Μ
1283 1748 1303 1772 Β
1315 1748 1334 1772 E
1349 1748 1375 1774 R
1388 1747 1408 1773 c
1419 1746 1440 1771 E
1452 1748 1478 1772 R
1494 1747 1508 1771 1
1527 1729 1691 1774 theoria,
1709 1744 1838 1770 totum

195 1792 356 1849 systema
371 1795 560 1834 costarum
586 1794 634 1834 ad
655 1793 823 1850 primam
843 1794 988 1833 costam
1008 1791 1243 1836 elevabitur,
1282 1806 1350 1848 per
1375 1790 1534 1832 eosdem
1572 1788 1785 1835 musculos,
1817 1803 1839 1829 a

201 1851 337 1906 quibus
361 1851 530 1908 deprimi
549 1852 719 1893 volebat.
1588 1905 1594 1911 ι

255 1910 343 1950 Erit
362 1912 469 1952 enim
492 1910 671 1966 cujusque
694 1912 806 1952 costae
836 1908 1045 1967 superioris
1069 1909 1233 1950 firmitas
1257 1908 1450 1950 continuo
1493 1920 1663 1948 mamma
1684 1905 1838 1948 ratione

198 1968 333 2021 major.
364 1968 507 2012 Primae
535 1985 681 2028 nempe
699 1971 812 2011 costae
833 1968 994 2011 firmitas
1012 1969 1050 2008 se
1071 1967 1232 2009 habebit
1256 1967 1305 2007 ad
1328 1967 1483 2008 alterius
1500 1964 1744 2006 stabilitatem
1760 1991 1772 2009 ,
1795 1977 1836 2004 ut

202 2039 296 2077 34><
314 2042 375 2076 32..
397 2029 445 2069 ad
471 2041 564 2073 20><
583 2034 634 2080 ςξ.
660 2030 739 2070 five
759 2029 817 2069 uti
845 2033 964 2069 1088.
1002 2031 1192 2075 110.(n)
1228 2026 1306 2066 five
1330 2025 1388 2066 uti
1415 2040 1463 2065 11
1501 2023 1548 2065 ad
1582 2039 1617 2064 1.
1640 2021 1836 2081 proxime.

200 2085 401 2126 Undeeim
422 2102 516 2140 ergo
546 2089 717 2145 partibus
750 2086 959 2129 adscendet
981 2087 1082 2128 costa
1111 2085 1304 2131 secunda,
1346 2083 1441 2125 dum
1476 2082 1593 2126 unica
1616 2096 1725 2140 parte
1753 2080 1838 2138 pri-2

202 2160 266 2185 ma
301 2144 516 2187 descendit.
1792 2197 1832 2238 S·

1821 2212 1835 2240 1

241 2327 298 2369 (k)
318 2329 393 2360 Vide
414 2341 440 2369 p.
469 2339 536 2369 233.

243 2370 299 2410 (l)
323 2371 444 2400 Memm'r.
466 2382 491 2410 p.
509 2378 576 2410 253.

243 2408 311 2450 (m)
329 2410 397 2438 Yhid.

243 2450 301 2493 (n)
323 2461 349 2489 p.
377 2457 445 2489 254.
