1965 2677
293 133 514 189 sEc‘T.
568 139 666 187 IV.
726 140 909 187 Esus
969 136 1522 182 PHAENOMENA.
1642 153 1721 192 243

81 235 225 280 derunt
245 237 283 279 se
305 237 445 280 vidiffe
475 240 583 288 (k),
617 251 685 279 eos
722 236 943 294 putaverim
978 234 1021 276 in
1047 233 1344 292 phaenomenon
1376 230 1589 278 incidisse,
1621 231 1728 296 quod

82 295 202 338 etiam
234 296 348 339 nobis
369 297 465 354 saepe
489 298 525 338 se
542 296 696 339 obtulit.
738 296 916 338 Tormm
937 307 1083 350 nempe
1112 291 1277 338 animal,
1314 296 1354 333 ὅ(
1378 306 1470 332 cum
1505 291 1645 332 dolore
1667 305 1729 331 in-

80 354 331 412 spiraturum‚
355 356 519 398 deteeiis
541 354 738 413 imprimis
769 357 959 397 costarum
981 350 1162 395 musculis
1179 377 1190 397 ‚
1212 350 1338 393 subito
1367 350 1531 392 brevem
1568 351 1731 409 inspira—

82 414 236 456 tionem
254 442 264 461 ,
288 421 329 458 &
350 415 619 472 imperfectam
637 414 834 471 abrumpit
857 418 896 464 (l
913 420 941 463 ).
968 412 1048 455 Sed
1071 411 1191 454 etiam
1221 426 1317 453 tunc
1337 409 1469 451 brevis
1493 410 1701 468 exspiratio
1718 439 1730 458 ,

83 470 201 527 longa
233 489 361 517 autem
397 476 479 532 post
501 489 587 516 eam
615 473 725 530 quies
747 478 809 516 est.

428 598 460 642 ς.
506 591 595 632 ΧΙ.
657 590 829 635 Miiucio
855 594 1040 648 pulmonis
1062 594 1107 633 ab
1143 594 1388 647 inspiratione.

143 708 284 751 Pulmo
300 735 311 754 ,
333 725 425 751 cum
450 725 650 766 nunquam
675 709 849 767 pleuram
876 711 1022 752 deserat
1041 713 1137 757 (m)
1154 735 1165 754 ‚
1198 725 1267 766 per
1291 708 1449 750 eosdem
1475 708 1619 766 paffus,
1648 710 1737 765 qui-—

85 766 154 809 bus
176 771 307 825 pestus
331 768 509 810 dilatatur
523 797 535 816 ,
559 775 600 810 ὃς
622 770 702 826 ipse
724 786 744 810 a
765 770 1004 811 succedente
1027 782 1115 809 aere
1141 767 1362 811 diducitur,
1389 782 1542 823 unaque
1565 774 1605 810 &
1644 769 1736 810 lon-

84 825 171 878 gior
185 853 196 872 ,
221 832 262 869 ὁ(
301 827 342 867 in
363 843 523 884 utraque
547 828 741 870 diametro
769 827 884 869 latior
913 843 1020 870 nunc
1049 826 1094 868 fit
1114 853 1125 872 ,
1153 832 1194 868 ὅ(
1217 827 1259 867 in
1281 827 1445 883 spatium
1483 826 1631 880 majus,
1671 829 1736 870 sed

85 884 141 925 sui
162 885 286 926 simile
311 901 470 940 augetur
499 892 596 936 (n).
657 887 707 928 Id
729 903 984 941 augmentum
1005 887 1112 929 varie
1135 886 1364 927 aestimatum
1386 887 1448 925 est.
1509 887 1735 947 Quintuplo

85 958 156 999 per
179 944 475 1002 inspirationem
492 945 721 1003 pulmonem
745 946 981 1003 ampliorem
1003 945 1112 990 fieri,
1135 944 1197 985 Cl.
1214 946 1423 986 SAUVAGES
1445 945 1622 999 conjecit
1646 954 1692 995 (ο
1706 954 1735 995 ).=›

85 1000 182 1044 inde
205 1002 375 1061 decuplo
401 1011 414 1053 <
427 1010 495 1060 p).
542 1005 704 1046 Deinde
723 1005 764 1046 in
791 1006 948 1062 nuperis
972 1004 1124 1062 scriptis
1150 1003 1380 1061 pulmonem
1412 1007 1568 1046 coekum
1586 1033 1597 1053 ,
1629 1022 1737 1047 aere-

89 1076 166 1116 que
189 1075 413 1119 purgatum,
436 1063 653 1106 duodecies
673 1064 872 1106 minorem
894 1064 1014 1111 fecit,
1042 1079 1158 1119 quarn
1176 1062 1311 1120 pulmo
1330 1062 1483 1105 inflatus
1501 1068 1551 1105 est
1565 1070 1638 1114 (r).
1660 1067 1739 1107 Sed

87 1124 224 1176 pulmo
265 1119 455 1174 ejusmodi
489 1122 614 1164 multo
643 1124 806 1165 thorace
845 1124 978 1165 minor
1012 1126 1089 1168 est,
1125 1121 1209 1164 vivi
1240 1136 1368 1165 autem
1395 1122 1572 1164 animalis
1604 1124 1739 1181 pulmo

87 1192 171 1221 non
193 1182 316 1236 potest
344 1181 409 1222 suo
431 1182 595 1222 thorace
630 1182 763 1223 minor
789 1183 904 1224 reddi
936 1187 1022 1231 (ς’).
1083 1180 1316 1222 Thoracem
1335 1196 1432 1222 vero
1457 1182 1581 1224 multo
1610 1185 1738 1226 minus

87 1251 205 1292 quam
230 1238 481 1297 duodeeuplo
522 1241 654 1293 augeri
685 1256 835 1283 certum
867 1243 916 1282 est
953 1246 1046 1290 (t).
1086 1241 1231 1295 Neque
1263 1239 1321 1282 bis
1352 1240 1389 1280 se
1412 1240 1494 1297 ipso
1511 1242 1740 1295 longiorem

88 1297 294 1339 thoracem
322 1296 408 1338 fieri
431 1298 673 1340 crediderim
706 1305 802 1349 (t*)
838 1315 968 1356 neque
995 1300 1095 1341 adeo
1123 1299 1354 1357 pulmonem
1389 1298 1546 1356 duplam
1579 1301 1626 1341 ad
1649 1302 1740 1343 lon-

89 1355 313 1408 gitudinem
340 1358 527 1398 crescere.
572 1358 621 1398 In
637 1357 828 1414 pulmone
859 1361 962 1401 fetus
989 1373 1141 1401 tantam
1175 1357 1322 1414 reperit
1349 1357 1440 1398 IDE
1456 1373 1488 1398 M
1517 1359 1578 1400 vir
1601 1361 1648 1401 cl.
1684 1362 1737 1401 di-

90 1413 347 1461 latationem,
371 1416 528 1468 quando
550 1416 722 1473 primum
746 1431 879 1458 aerem
909 1417 1023 1459 duxit
1041 1444 1053 1464 ,
1085 1431 1128 1458 ut
1155 1430 1205 1468 17
1228 1417 1272 1456 sit
1295 1415 1337 1456 in
1363 1416 1446 1457 fetu
1464 1416 1738 1461 drachmarum

91 1472 159 1528 qui
181 1473 224 1513 in
243 1472 376 1513 adulto
398 1474 566 1515 homine
590 1483 665 1525 528
701 1476 899 1531 pendeat,
941 1491 1056 1531 atque
1083 1476 1182 1516 adeo
1219 1475 1394 1527 trigesies
1417 1475 1563 1517 minori
1585 1477 1625 1517 in
1658 1479 1739 1520 fetu

93 1531 274 1589 pondere
299 1531 367 1578 sit,
401 1548 515 1588 quam
545 1532 588 1573 in
612 1534 790 1589 perfecto
818 1535 1009 1582 homine,
1045 1534 1139 1575 dum
1168 1533 1331 1574 interim
1362 1534 1543 1590 corporis
1567 1537 1691 1579 moles
1721 1554 1741 1579 a

95 1603 205 1640 1152.
246 1589 295 1630 ad
334 1606 463 1642 9120.
506 1590 713 1633 drachmas
750 1595 856 1634 aucta
883 1593 1002 1640 effet,
1035 1606 1181 1649 nempe-
1213 1592 1395 1633 nondum
1427 1592 1475 1634 ad
1515 1596 1737 1653 octuplum:

91 1646 159 1689 sed
179 1646 213 1688 is
235 1647 369 1704 pulmo
400 1649 610 1692 scirrhosus
640 1665 732 1692 erat.

151 1706 272 1748 Nunc
289 1707 424 1763 pulmo
453 1707 604 1751 cellulis
627 1709 749 1751 aereis
771 1713 919 1753 constat
933 1739 944 1758 ,
978 1717 1019 1753 &
1051 1711 1146 1752 vasis
1164 1726 1212 1752 eo
1240 1710 1474 1752 ducentlbus
1493 1712 1739 1767 cartilagino-

94 1765 164 1810 fis,
193 1769 236 1806 &
263 1766 413 1808 arteriis
439 1768 638 1823 venisque.
694 1768 863 1811 Cellulas
892 1770 1000 1816 illas,
1045 1786 1088 1810 ur
1124 1769 1342 1826 simplicior
1372 1768 1438 1810 fiat
1472 1770 1624 1818 oratio,
1665 1775 1739 1831 pri-

97 1839 206 1865 mum
227 1823 362 1866 inanes
381 1840 490 1882 pono
505 1852 518 1872 >
542 1825 724 1884 collapsas
747 1827 846 1868 adeo
870 1833 911 1869 ὃ(
948 1828 1020 1871 fibi
1045 1828 1244 1884 impositas
1266 1828 1550 1885 contiguasque
1564 1858 1576 1877 ,
1616 1832 1737 1873 bron-

1151 1886 1192 1927 H
1210 1885 1238 1926 h
1271 1902 1294 1929 2.
1648 1891 1737 1933 chia

135 1995 197 2074 εἴη)
220 1998 434 2027 ὃΑυνΑεες
453 2002 484 2029 de
504 2003 593 2041 respir.
615 2000 672 2040 diff.
693 2010 719 2038 p.
744 2009 770 2038 3.
791 2001 846 2030 ΗΑ
862 2009 909 2028 ΗΝ
937 2000 968 2030 de
993 2002 1062 2029 aeris
1093 2002 1120 2029 in
1142 2001 1229 2039 palm.
1252 2000 1335 2041 effeci.
1357 2011 1384 2039 p.
1412 2009 1477 2037 104.

161 2038 194 2076 l)
217 2039 288 2077 Exp.
310 2047 354 2067 10.
379 2047 424 2077 33.
445 2042 480 2069 In
505 2040 733 2081 peripneumonia
756 2040 848 2071 similis
875 2039 1029 2080 respiratio.
1049 2040 1159 2072 Journal
1178 2041 1344 2083 Encycloped‚
1370 2041 1407 2070 T.
1426 2042 1449 2071 Ι.
1470 2052 1498 2080 p.
1527 2042 1574 2082 83.

138 2075 210 2156 ἕξις)
220 2086 377 2146 limaz-{7124
402 2121 502 2151 Lemm.
529 2121 568 2152 11.

137 2155 201 2196 (ο)
224 2159 266 2185 De
283 2158 361 2204 vulfi}
383 2169 428 2205 1³.⁴
444 2167 470 2197 5.

138 2195 204 2277 {33
223 2198 477 2280 Ιξξῖβζῗριέῐεηῗβζ..
500 2206 637 2277 ξὶςῗςᾶεῐ
661 2242 731 2311 eiffets
753 2242 784 2272 de
813 2242 875 2273 I'at'r
901 2250 928 2281 P·
954 2247 1004 2277 42·

139 2277 180 2316 (s
230 2275 373 2313 Siquidem
393 2277 518 2316 pleuram
547 2286 605 2310 n‘on
628 2281 662 2312 de
675 2281 735 2319 erit!
