1965 2677
1302 133 1318 140 ‹-

517 136 872 199 sEC‘lff'HI.
962 151 1183 193 AER.
1608 165 1686 202 193

103 251 253 292 Iterum
280 249 415 291 omnia
440 250 559 292 etiam
591 249 801 290 humorum
829 251 902 295 (r)
933 260 1095 299 genera,
1126 243 1172 284 ab
1197 241 1436 300 expediente
1457 242 1493 282 se
1514 255 1600 281 aere
1621 241 1683 283 in-

47 325 161 351 terno
173 337 184 356 ,
207 310 327 365 inque
349 308 467 351 bullas
485 309 698 353 converso,
720 307 893 363 spumant
908 332 918 351 ‚
942 304 1096 360 quando
1120 302 1215 343 aeris
1238 301 1376 359 preffio
1392 302 1575 342 substatia
1610 302 1683 346 est,

46 373 89 409 &
124 369 276 410 feffrvere
318 368 500 418 videntur
534 372 614 415 (s).

105 428 258 480 Magna
279 441 412 468 tamen
441 425 638 468 diverfitas
663 427 714 465 est
741 424 844 466 inter
872 438 1026 467 aerem,
1063 437 1132 480 per
1153 435 1343 479 vapores,
1378 433 1439 461 aut
1461 418 1686 461 subustum

46 500 197 542 partem
218 485 270 526 sui
297 485 505 532 elementi,
525 484 752 525 rarefa&um
767 511 778 530 ,
807 496 1035 536 aeremque,
1056 481 1122 535 qui
1149 481 1200 522 ob
1216 479 1299 521 loci
1317 477 1565 520 altitudinem
1593 481 1662 531 (τὲ)
1676 507 1685 525 ,

46 559 144 598 aque
167 558 305 584 centro
337 542 484 585 telluris
507 543 725 585 distantiam
750 542 877 584 tenuis
908 542 959 580 est
980 539 1161 594 levisque.
1223 540 1271 579 In
1294 538 1363 579 isto
1390 537 1497 578 enim
1515 563 1525 581 ‚
1549 537 1617 577 etsi
1639 539 1688 579 ad

45 602 258 643 dimidium
286 602 439 659 pondus
462 603 561 644 aeris
590 601 820 644 diminuitur
838 628 849 646 ‚
882 614 1015 640 tamen
1043 599 1181 652 absque
1212 597 1440 639 difficultate
1460 595 1686 651 respiratur,

44 675 85 701 ut
107 665 148 702 ὃ(
173 676 247 713 ego
280 663 322 701 in
348 677 486 702 monte
522 658 641 717 sugo,
679 665 720 701 &
759 659 880 702 furca
919 657 1122 713 comperi,
1146 656 1186 696 in
1214 655 1376 705 Caucaso
1421 658 1495 702 (u)
1523 653 1610 695 alii:
1643 656 1686 697 in

44 720 226 774 Quirenss
247 719 326 761 levi
350 734 438 760 aere
469 719 533 760 Cl.
559 722 733 760 GALLI
773 724 852 768 (x)
869 743 880 763 ,
917 716 958 756 in
994 716 1077 756 aliis
1100 714 1286 756 altiffirnis
1317 713 1517 755 montibus
1544 713 1687 756 iterum

42 778 111 819 alii
139 783 242 832 (y),
285 783 325 820 &
366 778 407 819 in
435 777 524 820 Pico
570 777 786 819 Teneriffae
821 781 953 830 (y*>²
995 774 1037 814 in
1072 773 1236 828 Canigou
1266 778 1307 814 &
1338 770 1492 813 AEtlma
1525 771 1687 814 demum

42 837 377 878 id011eiau&ores
402 839 504 885 (z),
542 836 582 877 in
613 836 814 878 Pichincha
851 834 1022 889 denique
1054 847 1192 874 monte
1229 835 1305 879 (a)
1322 858 1333 876 >
1366 847 1457 872 cum
1483 845 1687 883 argentum

42 895 177 938 vivum
198 895 299 937 infra
326 904 377 939 16
411 894 579 953 pollices
613 895 807 952 delapsum
830 893 944 939 esset7
968 891 1188 933 academici
1209 889 1299 943 galli
1322 891 1475 946 experti
1504 890 1600 931 sunt.

101 956 246 1009 Neque
277 955 388 1006 brevi
415 955 534 995 unice
556 968 736 1011 tempore
760 952 950 1005 ejusmodi
982 951 1024 991 in
1047 965 1135 991 aere
1177 948 1393 990 commode
1429 947 1575 989 vivitur
1599 952 1685 997 (b).

42 1013 164 1054 Totis
186 1014 295 1055 enim
316 1016 380 1057 sex
403 1013 626 1070 septimanis
657 1012 720 1053 Cl.
748 1014 920 1053 GALM
953 1010 995 1050 in
1020 1023 1158 1050 monte
1191 1006 1389 1049 Pichincha
1414 1006 1619 1053 vixerunt,
1642 1008 1684 1049 in

42 1070 231 1114 Gothardo
252 1088 388 1114 monte
410 1072 503 1113 totis
533 1071 643 1112 annis
664 1070 855 1113 monachi
880 1068 1151 1125 supervivunt,
1181 1065 1324 1121 aliique
1341 1064 1460 1105 etiam
1483 1064 1685 1108 altioribus

39 1128 84 1170 in
109 1129 210 1171 locis
231 1145 314 1173 tota
335 1134 459 1174 aestate
481 1128 673 1172 ruricolae.
705 1130 796 1170 Imo
818 1128 950 1186 potius
979 1125 1041 1166 Cl.
1073 1127 1148 1166 AR
1162 1138 1329 1165 BUTHN
1343 1136 1402 1163 o‘r
1434 1122 1555 1164 fidem
1578 1125 1685 1166 adhi-

39 1188 162 1229 buero
177 1215 189 1235 >
213 1191 280 1244 qui
307 1192 443 1232 subitas
467 1188 721 1242 migrationes
743 1190 785 1228 in
807 1203 939 1229 aerem
957 1184 1146 1226 rariorem
1168 1182 1270 1224 male
1291 1182 1385 1223 ferri
1403 1182 1573 1228 monuit,
1606 1199 1683 1224 me-

37 1245 112 1289 lius
135 1263 263 1290 autem
288 1249 447 1291 tolerari
466 1263 535 1305 per
560 1247 886 1289 consuetudinem
916 1249 1000 1293 (c).
1034 1243 1134 1284 Inde
1158 1243 1262 1283 forte
1290 1240 1358 1286 fit,
1380 1254 1422 1281 ut
1441 1255 1530 1282 aves
1551 1257 1682 1283 aerem

39 1306 228 1348 rariorem
252 1308 425 1354 facilius,
449 1323 563 1363 quam
585 1305 659 1347 alia
680 1305 864 1347 animalia
883 1305 1009 1345 ferant
1033 1305 1109 1350 (d)
1126 1327 1137 1345 2
1176 1305 1217 1343 ὃ(
1240 1299 1402 1345 melius,
1426 1315 1542 1354 quam
1567 1316 1683 1342 corn-

40 1365 209 1421 preffum
242 1371 330 1416 (e).
393 1365 529 1407 Facile
547 1379 644 1406 vero
674 1363 908 1419 intelligitur
929 1361 1163 1419 preffionem
1189 1359 1232 1399 in
1260 1359 1446 1400 humores
1469 1359 1616 1401 nostros
1639 1364 1681 1401 ὅ(

39 1423 144 1470 vasa,
171 1438 220 1464 eo
246 1426 435 1478 majorem
467 1423 567 1468 esse,
600 1438 678 1477 quo
711 1438 774 1466 aer
803 1421 926 1476 magis
947 1420 1083 1463 densus
1113 1417 1253 1463 fuerit,
1276 1423 1318 1460 ὅ(
1347 1416 1512 1473 perinde
1530 1417 1678 1464 minui,

37 1482 196 1537 quando
227 1499 291 1525 aer
323 1483 451 1525 levior
478 1483 597 1523 faetus
628 1483 690 1522 est.

1635 1533 1679 1574 Si

68 1664 144 1711 fir)
166 1670 275 1704 Urina,
303 1669 347 1699 lae
365 1670 423 1699 διε.
450 1670 618 1702 Sumus
652 1668 672 1698 1.
694 1676 718 1697 c.
744 1675 812 1705 aqua
847 1670 870 1698 B
886 1675 989 1697 oua
1019 1669 1114 1708 Exper.
1133 1665 1201 1706 phys.
1223 1664 1304 1694 mech.
1326 1672 1352 1691 n.
1369 1669 1415 1691 20.
1443 1669 1490 1690 22.
1515 1666 1563 1695 4²·
1591 1657 1622 1688 ὃ(
1647 1659 1682 1690 de

39 1706 99 1735 alus
119 1708 268 1746 liquoribus
295 1720 358 1748 exp.
382 1719 432 1748 43.

36 1750 54 1787 ἰ
79 1744 93 1784 (
104 1749 139 1788 s)
162 1749 279 1779 Mustum
302 1749 447 1781 fermentat
467 1752 495 1781 in
508 1761 598 1781 vacuo
623 1755 717 1779 Wot„
731 1755 747 1773 1²
773 1749 896 1788 Versuohe
922 1750 944 1779 Ι.
967 1759 993 1778 n.
1025 1758 1037 1777 ι
1044 1756 1090 1786 57.

79 1786 143 1828 (t)
162 1791 222 1818 Jam
245 1790 380 1820 monitum
406 1790 444 1819 est
471 1793 502 1820 ὅ(
530 1792 558 1820 in
598 1790 661 1818 Phil.
688 1787 780 1825 Trans:
815 1799 840 1816 n.
870 1798 918 1824 29,
947 1800 974 1826 p,
1012 1796 1080 1827 324,
1118 1786 1150 1815 ὅ(
1191 1795 1207 1813 a
1236 1783 1370 1813 [eonardo
1394 1781 1430 1810 de
1453 1781 1590 1810 CAPOA
1619 1780 1683 1808 delle

40 1829 144 1867 Mofflee
161 1839 186 1867 p.
213 1832 260 1866 69.
282 1840 373 1860 aerem
397 1830 582 1861 altiffimotum
611 1829 748 1858 montium
776 1827 858 1857 facile
885 1828 974 1861 ferri,
1002 1837 1089 1866 neque
1106 1825 1267 1861 i'uffocare5
1291 1823 1392 1853 deinde
1420 1832 1436 1851 a
1457 1821 1538 1852 Felice
1563 1822 1580 1850 S
1595 1828 1682 1848 toc-

38 1875 56 1895 c
71 1876 91 1893 fl
103 1876 118 1894 a
131 1877 177 1896 ττ
188 1877 198 1896 1
220 1871 251 1898 de
274 1871 396 1910 preffione
416 1874 494 1901 aeris.

79 1905 146 1949 (u)
168 1909 359 1938 CuA11>1N
380 1921 482 1950 voyage
494 1912 526 1940 de
541 1912 616 1938 Paris
640 1908 656 1936 ἃ
682 1909 791 1948 Ispahan
811 1908 848 1936 T.
875 1908 911 1936 11.
932 1919 958 1946 p.
986 1917 1034 1944 92.

77 1946 143 1989 (x)
165 1951 353 1979 Bououzn
376 1950 444 1989 pref.
474 1954 490 1979 ἐι
514 1952 541 1980 la
565 1949 614 1990 fig.
641 1950 676 1979 de
697 1952 724 1978 la
749 1958 820 1978 terre
850 1958 875 1985 p.
900 1949 1057 1978 XXXVII.

77 1987 136 2030 (y)
159 1990 376 2020 ΜΑκιοττε
404 1993 435 2019 ὅ(
463 1992 628 2020 ΟΑςςιΝι
653 1989 709 2026 hzst.
735 1990 766 2018 cle
786 1989 888 2018 l'Acad.
914 1995 999 2027 1705.
1026 1999 1052 2027 p.
1079 1994 1125 2025 15·

78 2027 170 2070 (y*)
196 2031 254 2059 Phil.
276 2031 411 2070 I‘ransac'l.
434 2041 459 2059 n.
487 2040 552 2069 345.

84 2069 143 2110 (z)
166 2072 380 2101 SAuvAcns
403 2069 477 2110 Claffi
498 2071 583 2101 morb.
604 2082 631 2109 p.
657 2078 725 2098 212.

78 2109 149 2150 (a)
170 2113 424 2140 CONDAMKNE
451 2112 595 2140 introduci.
624 2121 650 2148 p.
679 2118 726 2147 35.
749 2109 879 2141 ΗΛιες
901 2120 933 2138 on
961 2109 1116 2138 ventilatam
1140 2106 1175 2135 T.
1203 2105 1238 2134 11.
1261 2114 1287 2142 p.
1324 2108 1389 2140 154.

79 2150 143 2191 (b)
164 2152 196 2180 F.
217 2151 365 2180 ancn
389 2151 425 2179 ad
450 2154 501 2180 Αι
516 2157 707 2179 nummo-r
732 2161 758 2189 p.
783 2157 833 2185 74.

79 2190 140 2231 (c)
161 2191 203 2229 Of
220 2194 262 2218 air
285 2203 310 2229 p.
338 2194 386 2227 96.

79 2232 149 2271 (d)
171 2232 346 2259 DenuAu
364 2231 538 2272 phyficotheol.
566 2243 593 2269 p.
616 2225 1110 2268 7.MusscuzN13noi-:c1<in
1139 2220 1339 2263 append-post
1367 2219 1444 2260 effafl
1468 2224 1495 2260 ΡᾸ
1519 2225 1567 2254 42.
1595 2219 1665 2249 ΝΘΕ

39 2280 131 2302 tamen
155 2269 245 2299 ferunt
267 2280 360 2300 aerem
382 2273 483 2301 duabus
506 2272 591 2301 tertiis
611 2270 746 2299 leviorem
772 2271 902 2299 Mussc
915 2278 934 2296 Η
949 2278 993 2297 ιΝ
1008 2275 1127 2298 Βκοες
1140 2274 1158 2292 κ
1178 2263 1246 2293 ibid.
1316 2299 1322 2305 .

80 2309 137 2351 (e)
158 2311 227 2338 Βικ
241 2319 287 2339 cu
307 2311 344 2340 T.
366 2313 388 2340 Ι.
409 2322 436 2351 p.
460 2313 528 2349 389.
550 2313 584 2341 ln
606 2310 744 2341 :arefasto
765 2320 828 2341 aere
857 2318 1009 2350 aegrotare,
1031 2309 1061 2338 in
1085 2302 1238 2344 compresso
1266 2309 1366 2340 penrg·

96 2419 239 2464 Haller
260 2420 454 2478 Phyfiolog.
485 2423 609 2465 Tom.
633 2421 712 2462 III.
1171 2414 1239 2455 Bb
