1965 2677
247 139 467 192 SECT.
522 141 873 187 1V.EJUS
934 142 1486 192 PHAENOMENA.
1604 169 1684 206 235

55 242 287 300 inspiratur,
327 252 538 292 augmento
578 237 792 278 transversae
818 235 1001 277 diametri
1036 236 1206 294 pectoris
1224 238 1325 279 fatto
1364 256 1384 281 a
1408 255 1490 294 124
1513 244 1560 285 ad
1600 255 1692 290 128.

56 302 119 343 Ita
135 294 303 359 reperit,
321 300 369 341 ad
387 300 507 339 costas
528 296 726 353 pertinere
751 295 858 353 posse
879 309 1030 352 partem
1048 297 1248 349 augmenti
1264 302 1304 351 5¹3
1319 299 1476 356 sumptis
1500 304 1693 360 utriusque

57 359 242 402 diametri
262 357 468 415 quadratis.
490 357 595 396 Cum
611 369 707 397 vero
733 371 813 398 220
830 355 874 395 fit
905 355 954 395 ad
973 369 1027 404 40
1061 356 1120 396 uti
1145 370 1192 397 11
1229 358 1277 397 ad
1311 375 1348 401 2.
1374 364 1414 400 ὃ(
1433 375 1481 402 ex
1500 362 1693 406 dmum-0

57 422 165 462 aucta
194 416 409 460 mediocris
439 414 634 471 capacitas
669 413 717 455 ad
744 414 959 455 maximam
984 414 1029 453 fit
1058 429 1100 455 ut
1127 429 1190 455 11.
1220 429 1284 465 15.
1306 416 1354 459 ad
1384 423 1448 458 16.
1472 436 1510 462 2.
1539 422 1695 476 quintu-

58 477 125 536 plo
144 477 227 535 plus
249 474 448 529 augmenti
469 473 755 530 diaphragmati
779 472 1008 518 debebitur,
1043 489 1159 527 quam
1182 477 1369 517 costarum
1387 479 1609 521 mutationi.

119 535 249 578 Variis
267 534 351 576 aliis
374 533 506 574 modis
523 547 670 574 tentata
697 535 747 573 est
776 531 953 573 dilatatio
976 533 1166 588 pecioris²
1209 550 1290 590 quae
1324 536 1367 576 fit
1402 536 1442 577 in
1472 537 1605 594 spiritu
1624 540 1696 582 du—

58 595 203 637 cendo.
243 591 422 650 Johamzes
449 593 524 633 Sur
541 606 564 632 A
580 607 612 632 M
623 607 687 632 ME
702 606 760 632 RD
775 605 842 632 AM
878 605 1019 631 canem
1038 592 1104 632 sub
1134 609 1272 648 aquam
1304 596 1454 642 mersit,
1485 611 1526 638 ut
1542 613 1611 655 per
1634 614 1696 640 tu-

23 698 29 708 (
57 653 195 696 bulum
223 668 353 694 aerem
379 652 571 699 duceret3
597 650 699 693 vidit
741 666 879 705 aquam
900 649 1100 702 adsurgere
1117 677 1127 697 ‚
1163 652 1258 693 dum
1289 653 1495 710 inspirabat
1529 657 1697 703 animal,

40 712 250 754 ‘subsidere
285 711 440 768 quando
467 710 682 767 exspirabat
702 712 797 758 (n).
820 708 994 749 -Deinde
1027 699 1182 752 ‘Thomas
1223 712 1256 751 B
1269 728 1291 752 A
1304 726 1366 753 ΒΤ
1380 731 1401 754 H
1417 729 1532 756 0L1N
1545 732 1568 756 u
1582 732 1596 755 s
1635 718 1698 759 fii·-

61 771 238 813 niculum
271 773 377 813 circa
407 772 539 827 peEtus
566 769 706 814 duxit,
743 782 840 809 tunc
861 767 1086 824 inspiravit,
1122 768 1175 810 ita
1197 772 1356 813 metitus
1387 775 1436 813 est
1469 774 1635 816 funiculi
1657 776 1698 816 in

61 829 312 883 longitudine
323 828 586 870 differentiam
598 856 609 876 ,
624 844 699 883 qua
708 827 915 884 oportebat
929 828 1030 868 inter
1044 826 1311 883 inspirandum
1326 831 1519 873 laxiorem
1533 833 1608 874 effe
1618 838 1698 884 (0):
1742 836 1745 838 ’

61 888 218 932 invenit
248 888 405 946 pollicis
441 887 704 929 diversitatem
735 886 811 927 esse
850 903 859 926 :
896 886 961 927 sed
985 886 1028 927 id
1058 887 1221 942 quidem
1256 890 1428 932 nimium
1457 892 1614 933 videtur
1651 908 1701 935 ex

63 948 200 989 nostris
223 946 504 1005 experimentis
522 974 533 993 ,
578 963 620 989 ut
641 946 762 987 etiam
785 945 908 999 magis
930 945 1069 986 vitiosa
1084 947 1129 986 fit
1161 947 1230 988 El.
1245 964 1259 989 s
1273 964 1297 989 H
1310 966 1332 989 o
1347 965 1402 992 Lz
1415 966 1429 991 1
1444 967 1458 992 1
1493 952 1667 993 mensura
1688 979 1700 998 ,

65 1007 133 1062 qui
149 1008 240 1048 duas
257 1007 355 1048 fecit
372 1006 504 1047 uncias
521 1011 607 1062 (p)
624 1033 634 1052 ,
665 1005 783 1046 nimis
806 1019 904 1046 vero
926 1021 1083 1062 parcam
1104 1006 1247 1047 fecerit
1279 1010 1321 1048 N
1333 1024 1353 1048 E
1366 1024 1389 1048 u
1406 1025 1431 1050 K
1443 1025 1469 1051 R
1483 1025 1508 1050 A
1523 1025 1579 1052 ΝΖ
1594 1027 1607 1052 1
1621 1026 1645 1051 u
1657 1026 1673 1051 s
1691 1038 1703 1057 ,

66 1066 134 1121 qui
156 1067 350 1110 abdomen
367 1066 464 1107 ultra
480 1065 639 1106 unciam
658 1063 810 1106 dilatari
836 1063 940 1105 inter
962 1063 1228 1121 inspirandum
1246 1068 1405 1120 negavit
1425 1073 1476 1126 (q
1494 1073 1535 1117 ),
1576 1075 1616 1111 ὅ(
1635 1069 1704 1110 ad-

42 1125 146 1179 ‘huc
177 1125 332 1183 parcior
368 1124 538 1165 BoREL
554 1139 604 1164 1.1
628 1151 639 1170 ,
684 1124 754 1179 qui
789 1138 871 1163 non
906 1123 1005 1165 ultra
1037 1138 1155 1164 unam
1188 1124 1425 1178 trigesimam
1457 1142 1609 1185 partem
1642 1127 1706 1169 di-

67 1183 142 1237 giti
170 1183 334 1225 ambitui
355 1183 524 1240 pefitoris
542 1183 644 1224 dixit
662 1183 853 1224 accedere
871 1187 890 1229 (
907 1187 959 1231 r)
992 1199 1001 1222 :
1030 1181 1146 1223 Idem
1167 1183 1209 1223 in
1231 1185 1428 1226 mediocri
1452 1186 1707 1243 inspiratione

68 1242 167 1284 aeris
204 1243 369 1283 cubicos
399 1242 545 1295 digitos
578 1255 623 1291 ις
660 1241 812 1283 adtrahi
843 1240 1040 1282 aestimavit
1062 1267 1075 1287 ,
1116 1241 1158 1281 in
1183 1242 1359 1286 violenta
1387 1244 1436 1285 ad
1474 1246 1707 1300 quadragin-

68 1316 107 1342 ta
129 1305 176 1351 (s
192 1305 224 1350 >.
263 1303 363 1342 Non
383 1301 499 1343 valde
524 1301 656 1342 differt
692 1298 822 1357 Jizcobi
849 1300 874 1344 J
885 1315 1007 1342 urus
1040 1300 1269 1352 aestimati03
1312 1318 1442 1344 aerem
1472 1319 1618 1361 nempe
1656 1305 1707 1346 de

69 1360 196 1401 vesica
212 1360 312 1402 suxit
331 1361 391 1402 vir
433 1359 497 1400 Cl.
521 1360 642 1414 inque
662 1359 782 1401 unica
811 1359 1064 1415 respiratione
1094 1360 1231 1402 eduxit
1257 1362 1394 1416 uncias
1421 1363 1622 1418 quadratas
1655 1378 1704 1415 35

70 1422 113 1459 &
135 1425 181 1468 38
204 1423 296 1467 (ι),
325 1419 392 1473 qui
411 1419 481 1475 ipsi
513 1419 689 1464 numeri,
717 1433 809 1458 cum
826 1418 987 1459 modica
1007 1418 1249 1465 mutatione,
1294 1421 1343 1461 ad
1364 1421 1617 1475 quadraginta
1643 1437 1710 1462 au·-

75 1476 125 1518 Cti
165 1481 267 1525 (u),
305 1478 352 1518 ab
388 1476 471 1518 aliis
505 1476 568 1518 Cl.
608 1476 704 1518 viris
727 1475 845 1528 vulgo
883 1477 1138 1534 recipiuntur.
1185 1478 1247 1518 Cl.
1277 1478 1331 1519 Pr
1349 1495 1372 1518 T
1386 1496 1404 1520 c
1421 1496 1445 1520 A
1460 1495 1551 1520 RNE
1588 1480 1712 1537 ipsum

71 1538 204 1593 pectus
228 1535 359 1577 metiri
383 1535 595 1589 adgressus,
621 1536 857 1577 diametrum
878 1536 1048 1591 pectoris
1071 1535 1262 1588 majorem
1284 1538 1382 1579 fecit
1409 1554 1460 1580 20
1480 1539 1710 1592 digitorum,

71 1594 273 1636 minorem
294 1594 511 1648 digitorum
536 1609 598 1645 15.
641 1595 683 1635 in
703 1609 864 1648 utraque
881 1594 1026 1636 nimius
1058 1609 1067 1633 :
1107 1595 1224 1636 sterni
1241 1597 1489 1638 ereuionem
1516 1597 1715 1639 aestimavit

73 1653 123 1693 ad
146 1658 187 1705 3²3
217 1653 354 1706 digiti,
376 1653 470 1694 inde
495 1654 664 1711 pectoris
697 1667 950 1707 augmentum
982 1670 999 1703 3
1015 1669 1029 1693 1
1064 1651 1280 1705 digitorum
1303 1655 1477 1698 obtinuit
1495 1659 1576 1705 (x)
1599 1661 1640 1698 ὃ(
1657 1656 1713 1697 sa-

74 1711 230 1768 pienter
256 1712 358 1754 vidit
368 1740 380 1759 2
419 1729 600 1766 magnam
621 1712 772 1754 molem
807 1713 904 1754 aeris
922 1711 1049 1769 recipi
1065 1712 1194 1768 posse,
1236 1715 1264 1755 fi
1298 1729 1480 1773 praeterea
1500 1714 1711 1768 longitudo

74 1770 249 1813 thoracis
280 1771 494 1814 increverit
510 1776 604 1823 (x).
639 1770 796 1829 Jacobus
824 1772 898 1813 ΚΕ
912 1787 963 1813 IL
979 1771 1077 1828 septi
1100 1771 1326 1816 descensum
1347 1773 1396 1816 ad
1419 1790 1441 1818 2.
1465 1773 1599 1815 uncias
1620 1773 1715 1814 aesti-

830 1838 871 1878 0
1060 1830 1100 1870 G
1118 1846 1143 1882 g
1205 1847 1228 1875 2.
1593 1831 1714 1874 mavit

116 2000 132 2042 (
153 2013 170 2032 n
191 2001 205 2042 )
252 2003 272 2033 1.
300 2013 325 2034 e.
347 2014 374 2043 p.
405 2014 453 2036 20.
489 2013 537 2036 21.
575 2007 599 2035 B
616 2015 635 2035 L
654 2015 673 2035 0
688 2014 740 2034 ΒΜ
755 2013 772 2033 z
797 2016 809 2035 s
827 2015 846 2035 τ
867 2015 884 2034 z
899 2016 949 2036 rx
982 2007 1083 2037 admin.
1105 2013 1178 2035 anat.
1211 2015 1239 2045 p.
1268 2006 1314 2037 18.
1330 2005 1421 2037 Etiam
1447 2005 1554 2036 testudo
1579 2016 1656 2046 aquae
1675 2006 1717 2036 in-

14 2063 17 2069 .
50 2082 52 2089 ¹
78 2041 166 2072 mersa
178 2061 188 2075 ‚
209 2043 274 2073 dum
287 2043 398 2083 inspirat
410 2065 420 2080 ‚
445 2055 543 2082 aquam
557 2047 646 2076 elevat
666 2047 686 2074 P
699 2056 718 2075 Λ
730 2055 786 2075 nis
799 2055 807 2075 ι
818 2057 837 2076 Ν
849 2055 866 2076 1.
1047 2053 1050 2057 ’

56 2094 60 2097 “
117 2081 188 2120 (ο)
223 2086 265 2112 De
284 2087 403 2125 pulmon.
433 2086 506 2115 Sec't.
531 2087 582 2116 III.
609 2098 636 2125 p.
672 2095 719 2124 57.
752 2087 980 2117 HELMONT.
1011 2097 1037 2125 p.
1069 2090 1136 2125 356.

140 2123 412 2240 }}111)nits}{rrog{2tmetr.
439 2137 467 2166 p.
493 2135 562 2164 230.
596 2135 655 2156 tum
681 2128 704 2156 F
719 2135 767 2156 ιο
781 2136 797 2156 r
811 2135 829 2155 z
842 2137 859 2156 r<
879 2128 1045 2168 pugscwatch.
1070 2137 1098 2166 p.
1123 2128 1188 2165 382.

147 2211 162 2230 r
220 2204 294 2242 Prop.
319 2206 368 2235 81.

151 2241 192 2280 s)
214 2243 286 2281 Prop.
316 2253 365 2280 94.

152 2283 188 2320 ⁸)
221 2282 286 2321 Dtffi
308 2294 334 2322 p·
361 2293 410 2320 41-
445 2291 497 2325 μὲ

143 2322 188 2389 gig
205 2321 340 2400 giis-323?
359 2335 466 2403 pvgiee.
495 2326 560 2368 stat.
599 2337 627 2366 p.
667 2334 737 2366 239.
776 2328 970 2360 13:111·sz
997 2328 1120 2373 fhyfique
1151 2330 1195 2358 des
1227 2337 1299 2369 corps
1335 2316 1414 2360 iniria.
1447 2342 1475 2370 p.
1513 2335 1579 2368 125-
1614 2331 1728 2359 Bols-

150 2400 194 2442 κ)
212 2401 233 2431 1.
246 2410 274 2431 c.
292 2413 321 2434 n.
341 2413 391 2435 ω.

83 2368 98 2390 S

123 2398 137 2440 Α
116 2368 125 2387 ““”
120 2120 138 2361 ΛΜΑΜ
