1965 2677
4 1870 9 1878 ,.
0 1692 15 1853 «4-ψ,-ΑΑ....-.«Χ
0 1649 5 1661 ,γ

29 1637 36 1641 ›

397 84 612 142 εΕοτ.
672 92 746 139 φ’.
822 89 1255 136 UTILITAs;
1645 100 1727 146 333

83 193 200 236 ”enim
221 205 420 233 venenum
458 206 582 248 vapor
623 186 723 229 abiit
737 212 748 231 2
789 201 906 240 quem
929 185 979 227 de
1011 184 1196 241 ergastulo
1230 182 1344 225 tubus
1381 182 1625 227 ventilatoris
1661 199 1732 226 ex-

85 252 209 295 traxit
227 257 245 299 (
261 269 282 292 a
294 255 320 298 >.

152 314 302 352 Aerem
325 308 496 363 denique
527 305 626 346 dicit
663 303 725 345 Cl.
757 305 1014 345 STEP-HENS
1030 319 1088 344 on
1111 329 1121 349 ,
1171 303 1238 358 qui
1262 302 1380 344 nimis
1413 303 1478 344 diu
1500 302 1545 343 in
1565 319 1736 362 corpore

94 369 254 412 animali
272 367 464 409 circulum
486 364 653 408 obierit,
688 368 728 404 ὃς
746 362 968 416 sanguinem
982 364 1090 419 supra
1122 364 1288 405 modum
1308 361 1590 411 excalefaciat,
1621 378 1736 418 atque

82 428 136 470 tin
155 427 342 486 pulmone
365 426 415 466 de
437 423 619 478 sanguine
646 422 801 463 exhalet
826 431 839 470 <
860 424 879 460 h
894 427 921 467 ).

495 548 528 592 ς.
582 540 729 582 XXI.
774 538 966 581 Pulmonis
1006 544 1063 580 vis
1092 543 1241 581 matrix.

154 662 403 703 In‘universo
426 674 596 718 corpore
619 659 792 699 humano
813 673 883 698 cor
900 656 1060 711 quidem
1083 657 1280 714 praecipua
1297 668 1426 697 motus
1445 658 1553 698 eausa
1571 658 1621 697 est
1634 660 1650 706 (
1662 664 1738 706 ε’),

94 721 253 762 accedit
282 720 513 762 arteriarum
530 717 773 762 commento,
822 722 862 757 ὅ(
884 718 944 756 vis
979 715 1237 756 musculolum
1255 742 1265 760 ‚
1299 714 1455 770 aliaeque
1479 717 1596 758 causa:
1614 716 1740 759 minus

96 780 275 821 efficaces
294 807 305 826 ,
346 796 437 835 quas
456 778 548 819 alibi
570 774 882 818 enumeravimus
907 779 920 821 (
939 778 1002 821 d).
1036 774 1149 815 Solus
1185 775 1320 831 pulmo
1346 774 1435 815 suuu
1454 775 1658 832 proprium
1676 777 1740 817 ha-

95 839 164 880 bet
198 854 352 880 motum
371 866 381 884 ,
425 854 501 893 quo
521 836 744 890 sangninem
765 849 1003 891 promovet:
1042 834 1151 875 aliter
1175 836 1210 873 se
1234 848 1361 873 autem
1385 833 1502 874 habet
1524 834 1571 874 ad
1598 835 1741 888 sangui-

96 912 192 940 nem
214 897 421 953 pulmones
439 924 449 943 >
483 896 592 937 aliter
617 895 665 936 ad
684 894 853 936 eundem
871 892 1029 933 vitalem
1043 893 1085 933 in
1112 892 1324 934 abdomine
1345 892 1567 933 humorem.

157 955 361 996 Pulmonis
378 956 537 1011 quidem
552 955 591 996 in
607 953 793 995 mutando
816 951 1007 1004 sanguinis
1021 952 1189 993 circuitu
1205 950 1379 992 efficacia
1389 950 1624 1007 potisfimum
1640 952 1741 994 estin

95 1014 256 1056 lixitate
272 1015 460 1063 vasorum,
475 1031 588 1070 quam
605 1013 806 1070 inspiratio
821 1011 928 1056 facit,
945 1017 985 1052 &
1002 1010 1042 1050 in
1058 1011 1448 1068 conipreffione‚quae
1463 1010 1566 1050 estin
1582 1011 1744 1068 exspira-

97 1073 224 1115 tione.
257 1074 302 1113 In
323 1074 446 1130 priori
464 1074 624 1129 quidem
637 1071 756 1112 stadio
771 1072 854 1112 vasti
865 1070 1063 1129 pulmonis
1077 1071 1252 1125 undique
1262 1069 1303 1110 in
1315 1068 1604 1122 longitudinem
1618 1069 1744 1123 majo-

96 1147 183 1174 rem
199 1132 416 1173 educuntur
430 1139 498 1177 (e),
514 1138 554 1174 ὃ(
568 1132 709 1188 pariter
723 1145 861 1170 omnes
873 1130 1056 1170 diametri
1070 1145 1268 1183 augentur,
1280 1144 1370 1168 cum
1383 1128 1550 1184 pfflstoris
1564 1128 1744 1170 diametri

98 1206 240 1232 omnes
257 1206 329 1231 una
341 1190 570 1231 increscant.
611 1190 670 1230 Ita
686 1189 834 1241 sanguis
849 1188 891 1228 in
904 1188 1067 1244 spatium
1083 1203 1275 1245 perpetuo
1293 1186 1417 1227 laxius
1435 1187 1470 1226 se
1489 1186 1654 1228 effundit
1666 1215 1677 1234 ,
1695 1189 1746 1228 fa-

99 1248 251 1291 cilitate
268 1248 430 1302 majori,
467 1266 579 1304 quam
601 1248 644 1289 in
660 1247 735 1290 ulla
756 1246 828 1288 alia
850 1246 1030 1304 corporis
1052 1262 1160 1303 parte
1178 1245 1296 1287 facile
1317 1246 1361 1286 fit
1384 1245 1517 1294 nasci3
1550 1261 1631 1286 non
1653 1247 1745 1288 alibi

99 1308 209 1349 enim
245 1309 329 1350 vasa
360 1310 586 1361 sanguinem
613 1306 820 1352 vehentia,
859 1306 901 1346 in
933 1305 1098 1363 spatium
1137 1305 1328 1347 leviflirno
1363 1303 1561 1345 elemento
1585 1305 1745 1362 plenum

100 1367 320 1408 educuntur
333 1392 344 1411 2
380 1368 485 1421 quod
503 1367 696 1408 continuo
717 1365 880 1420 amplius
895 1364 961 1405 fiat
975 1393 987 1411 ,
1020 1370 1060 1405 &
1078 1365 1275 1405 minorem
1290 1362 1485 1420 perpetim
1496 1365 1744 1405 refistentiam

100 1426 228 1467 motui
247 1446 250 1448 v
269 1426 462 1478 sanguinis
493 1440 680 1483 opponat.
745 1425 846 1465 Aliis
877 1424 918 1463 in
941 1422 1088 1465 arteriis
1123 1424 1270 1477 sanguis
1294 1423 1335 1463 in
1367 1422 1450 1462 vasa
1481 1423 1646 1478 perinde
1668 1422 1746 1463 mi-

101 1484 211 1525 nima
232 1486 391 1533 transit3
438 1485 504 1525 sed
528 1500 571 1525 ea
602 1498 729 1539 neque
753 1482 977 1524 machinam
1001 1483 1201 1539 propriam
1228 1482 1394 1526 habent,
1423 1497 1442 1521 a
1468 1497 1540 1535 qua
1563 1481 1745 1539 exporri—

100 1558 238 1597 gantur
255 1570 267 1589 ,
302 1558 429 1598 neque
452 1544 589 1600 preffio
621 1541 787 1599 partium
822 1541 1184 1598 circumpositarum
1214 1539 1408 1585 demitur,
1433 1555 1452 1579 a
1471 1540 1606 1594 quibus
1628 1540 1746 1581 undi-

86 1617 179 1658 ‘que
211 1617 407 1655 urgentur.
447 1602 489 1643 Si
511 1601 729 1642 resistentiae
752 1601 1022 1642 subtrahuntur
1044 1627 1054 1645 ,
1076 1602 1238 1656 superest
1256 1627 1266 1645 ‚
1299 1615 1341 1640 ut
1357 1600 1508 1652 sanguis
1526 1599 1575 1640 de
1603 1600 1743 1640 dextro

104 1659 328 1704 ventriculo
355 1661 396 1702 in
420 1661 600 1702 arteriam
614 1659 866 1715 pulmoneam
882 1658 1046 1700 celerius
1066 1660 1101 1700 se
1125 1659 1298 1701 effundat
1314 1685 1325 1704 2
1356 1674 1470 1713 quam
1498 1659 1635 1713 absque
1658 1658 1745 1713 qui-
1773 1689 1775 1691 -

105 1719 199 1761 dem
223 1734 332 1760 aerea
353 1719 499 1762 fabrica
519 1721 555 1760 se
574 1716 776 1760 effundere
794 1718 907 1774 poffit
920 1723 1007 1768 (f).

165 1778 226 1819 Ita
247 1778 412 1835 perinde
433 1778 613 1835 pulmoni
635 1777 793 1834 propria
818 1777 877 1818 vis
900 1779 949 1816 est
966 1804 978 1823 ‚
1011 1792 1084 1830 qua
1113 1776 1280 1832 parietes
1314 1776 1480 1833 peeloris
1510 1775 1552 1816 in
1576 1775 1745 1831 exspira-

105 1836 219 1879 tione
249 1837 379 1877 arelati
407 1841 484 1893 (g)
508 1837 737 1893 pulmonem
754 1835 1023 1892 comprimunt
1041 1861 1051 1880 ‚
1090 1850 1285 1892 venasque
1297 1834 1540 1892 pulmonales
1564 1835 1604 1875 in
1622 1835 1744 1875 finum

992 1894 1019 1933 X
1047 1911 1075 1950 y
1135 1910 1156 1936 2.
1659 1892 1745 1932 sini-

150 2010 217 2052 (α)
239 2012 415 2041 snvxus
438 2009 496 2040 diff.
518 2020 546 2047 7.
573 2022 597 2040 n.
617 2018 662 2048 57.
691 2010 749 2040 sere
773 2012 922 2039 GALENI
945 2011 1045 2040 verbis.
1081 2009 1226 2039 Materiem
1251 2007 1474 2038 inflammabilem
1504 2014 1588 2035 vocat
1615 2007 1747 2036 SwAM-

108 2058 278 2080 minuma
314 2063 340 2087 ρ.
366 2055 414 2088 96.
440 2061 574 2089 vaporem
600 2051 840 2081 excrementitinm
869 2052 1011 2079 Ηοιυι,
1027 2059 1066 2079 εγ
1092 2060 1119 2088 p.
1159 2054 1206 2084 64.
1245 2050 1374 2090 fuligines
1411 2049 1585 2077 Siflvmzs
1609 2048 1639 2075 de
1657 2049 1747 2076 circul.

108 2089 338 2124 PerQJirationem
361 2092 501 2121 occultam
522 2092 670 2120 Listria
691 2092 721 2119 de
746 2092 822 2119 cochl.
844 2092 874 2120 ὃ(
901 2092 932 2119 de
950 2092 1082 2119 humorib.
1106 2102 1132 2129 p.
1162 2092 1189 2119 8.

150 2131 212 2166 [b]
233 2133 395 2160 Mesham'ca!
410 2132 536 2171 prac'iice.
555 2134 658 2161 Aerem
679 2132 761 2161 etiam
797 2141 832 2160 ex
855 2132 911 2162 levi
950 2131 1047 2161 artem
1074 2131 1102 2159 in
1139 2130 1259 2169 asperam
1283 2130 1410 2159 exhalare
1446 2129 1556 2158 dicebat
1589 2129 1612 2157 J.
1638 2128 1748 2157 Mam·

108 2169 192 2199 Mem.
218 2171 249 2199 de
271 2171 371 2200 I’Acad.
396 2179 483 2206 1700.

152 2209 207 2248 (c)
230 2211 263 2239 L.
289 2211 341 2240 IV.
364 2222 389 2250 p.
406 2215 473 2247 4461

149 2251 211 2286 [d]
233 2251 269 2279 L.
289 2251 342 2280 VI.
365 2261 391 2289 p.
413 2255 480 2282 206.
505 2251 576 2290 seqq.

149 2288 206 2328 (e)
228 2291 262 2319 L.
285 2290 370 2322 VIII.
395 2302 413 2329 p
444 2299 512 2330 243.
541 2300 610 2328 244.

148 2329 204 2371 (f)
226 2330 300 2360 Ibid.
327 2341 354 2367 p.
381 2340 449 2367 244.
478 2338 546 2370 245.

150 2369 212 2412 (ς)
233 2382 260 2411 p.
285 2371 353 2402 282.
379 2372 453 2411 seqq.
481 2373 649 2410 Eunaia
671 2372 690 2403 l.
717 2383 743 2403 c,
