1965 2677
540 126 757 182 SEC‘I'.
802 136 914 181 ΙΙΙ.
991 139 1029 181 A
1075 139 1109 181 E
1157 140 1213 182 R:
1632 157 1708 197 179

65 226 162 271 mici
190 227 508 270 administratoris
538 231 728 277 animam,
756 247 825 288 per
846 231 1022 273 tubulum
1041 232 1229 274 conicum
1257 232 1358 288 quasi
1380 248 1699 283 concentratam,

65 302 128 329 aut
151 286 330 330 cellulosa
354 289 456 345 septa
477 287 630 331 lobulos
660 290 849 348 replentia
866 318 875 336 ,
900 306 962 333 aut
983 290 1079 348 ipsas
1102 291 1257 332 cellulas
1279 291 1522 349 pulmonalcs
1554 295 1702 338 violare

61 345 194 404 poffe,
225 347 344 402 idque
367 347 487 400 magis
510 349 585 389 effe
601 349 816 391 credibile,
838 366 951 405 quam
972 350 1165 391 contraria
1188 353 1237 390 est
1259 350 1423 407 opinio,
1446 369 1528 406 quae
1552 354 1700 411 poscit,

60 419 103 446 ut
128 406 390 448 tenuiffimum
408 405 648 449 elementum
672 423 720 450 ex
743 410 923 450 broncho
946 409 987 449 in
1009 409 1164 451 cellulas
1182 410 1379 450 exiturum
1397 427 1548 453 moram
1579 414 1702 470 patia-

63 478 145 508 tur,
179 466 246 505 etfi
266 465 370 507 viam
400 482 420 506 a
455 481 588 508 natura
608 466 678 507 fibi
708 482 879 524 paratam
916 468 1082 510 invenit.

122 523 170 563 Id
198 538 294 564 vero
329 525 462 579 utique
484 541 576 567 cum
613 528 796 569 omnibus
830 525 951 572 meis,
978 527 1196 569 calidorum
1231 531 1273 568 ὃς
1296 526 1528 580 frigidorum
1552 530 1702 571 anima—

60 579 180 627 lium,
203 581 457 625 incisionibus
486 584 681 625 consentit
696 613 707 631 ,
733 600 814 627 non
837 585 879 625 in
902 584 1068 641 aliquam
1092 586 1322 638 singularem
1340 586 1548 642 ampullam
1565 605 1702 643 quem-

59 655 135 695 que
158 656 309 682 ramum
332 643 503 684 bronchi
524 643 751 691 terminari,
775 644 838 685 sed
861 643 1086 686 cellulosum
1110 660 1208 701 opus
1229 645 1271 685 in
1303 643 1477 686 humano
1492 672 1503 691 ,
1537 648 1702 703 perinde

57 712 100 740 ut
122 698 163 738 in
185 700 325 742 ranino
359 701 546 760 pulmone
580 702 681 747 esse,
705 705 813 760 cujus
846 703 1062 746 cavernula:
1098 704 1338 760 inipe1·fe&cae
1375 703 1478 745 inter
1513 704 1551 745 se
1578 707 1701 748 libere

56 759 380 807 communicent,
408 761 540 802 donec
558 761 655 803 aeris
677 762 751 806 iter
784 761 906 803 lobuli
939 762 1124 820 cujusque
1163 763 1302 816 vagina
1338 777 1535 810 moretur,
1562 767 1699 823 prohi-

56 816 246 871 beatque,
274 833 326 859 ne
348 820 398 861 de
435 819 569 862 lobulo
606 820 649 860 in
670 823 850 866 vicinum
869 821 1047 864 lobulum
1075 822 1252 864 transeat.
1713 826 1718 830 ’

597 1011 950 1055 SECTIO
1023 1010 1130 1051 III.

737 1127 785 1170 A
848 1125 885 1170 Ε
946 1129 999 1172 R.

789 1252 823 1296 §.
908 1248 943 1288 I.

168 1351 252 1393 UM
288 1351 490 1409 respiratio
512 1350 664 1396 funffio
687 1353 732 1394 fit
754 1352 964 1406 conjuncta
984 1369 1035 1396 ex
1058 1353 1155 1395 aeris
1178 1350 1310 1409 illapsu
1324 1377 1335 1397 ,
1353 1364 1431 1407 quo
1449 1350 1584 1408 pulmo
1619 1353 1696 1395 dis-

174 1412 373 1456 tenditur,
408 1416 449 1452 &
472 1426 521 1453 ex
551 1427 789 1466 organorum
818 1414 1020 1459 efficacia,
1050 1428 1134 1468 quae
1155 1411 1263 1452 hunc
1296 1425 1424 1451 aerem
1447 1410 1605 1452 alternis
1638 1413 1692 1454 vi-

44 1481 155 1509 cibus
184 1470 354 1513 invitant
385 1477 425 1512 &
453 1472 676 1527 expellunt,
713 1486 872 1528 oportet
896 1487 946 1513 ex
979 1471 1152 1529 physicis
1180 1469 1430 1526 scriptoribus
1450 1470 1689 1527 decerpere,

41 1543 230 1584 quantum
265 1529 403 1572 sufficit
421 1530 467 1570 ad
497 1545 582 1571 eam
611 1530 709 1572 aeris
729 1529 947 1572 efficaciam
982 1529 1284 1574 declarandam,
1311 1543 1425 1584 quarn
1466 1528 1507 1568 in
1533 1530 1692 1586 respira-

41 1587 154 1628 tione
183 1603 357 1630 exercet.
388 1590 508 1629 Nova
528 1589 597 1630 hic
626 1604 688 1631 aut
710 1589 869 1647 propria
898 1604 982 1631 non
1000 1590 1148 1631 adfero.
1183 1587 1320 1630 Brevis
1341 1602 1436 1630 vero
1454 1602 1495 1628 ut
1520 1589 1611 1635 fini,
1634 1605 1692 1631 at*

43 1661 119 1703 que
142 1661 182 1687 ut
203 1648 296 1689 turis
324 1664 409 1690 utar
432 1648 648 1690 auctoribus
664 1676 676 1695 ,
713 1650 788 1691 erit
809 1648 946 1704 utique
975 1648 1295 1690 adlaborandum.

101 1707 206 1752 Aer,
243 1722 361 1762 quern
382 1707 423 1747 in
446 1708 700 1763 respiratione
733 1708 989 1755 adducimus,
1024 1708 1067 1749 in
1089 1708 1310 1749 universum
1333 1706 1365 1747 is
1392 1708 1463 1752 est,
1486 1706 1553 1760 qui
1584 1707 1690 1749 circa

40 1777 184 1805 terram
220 1781 360 1807 cavum
386 1767 617 1823 sphae1icum
641 1765 799 1808 anulum
821 1782 904 1808 non
927 1767 1015 1809 satis
1039 1767 1210 1821 cognitae
1234 1765 1451 1806 altitudinis
1474 1765 1595 1808 efficit
1609 1793 1620 1811 ,
1647 1772 1689 1808 &

39 1822 82 1863 in
106 1838 217 1866 terrae
253 1824 373 1866 etiam
396 1840 579 1866 cavernas
617 1826 749 1883 paffim
779 1826 817 1866 se
843 1825 1032 1867 insinuat:
1065 1841 1183 1882 quem
1206 1828 1510 1880 almosphaericum
1544 1825 1590 1865 ab
1611 1825 1689 1865 irn—

39 1882 158 1924 mistis
183 1883 391 1941 vaporibus
419 1883 614 1932 dicimus,
649 1890 691 1926 ὁ(
717 1900 836 1940 quem
868 1901 889 1927 a
909 1900 1006 1928 vero
1030 1884 1230 1927 elemento
1267 1898 1363 1924 aeris
1386 1883 1588 1940 oportebit
1625 1883 1687 1925 di-

37 1940 240 1995 stinguere.

427 2041 461 2084 5.
504 2035 568 2076 II.
630 2033 720 2078 Aer
751 2039 795 2087 cll
831 2039 938 2088 fluidi
966 2038 1134 2077 elementi
1155 2051 1278 2091 genus.

96 2148 228 2192 Prima
249 2156 290 2193 ὃ(
316 2151 594 2210 ssmpficiffima
631 2148 793 2210 qualitas
835 2154 933 2196 aeris
955 2156 1006 2195 est
1023 2182 1034 2199 ‚
1072 2155 1218 2195 summa
1249 2156 1291 2195 ’δε
1319 2164 1507 2209 perpetua
1546 2146 1680 2189 fluidi-

37 2221 94 2248 tas
118 2213 214 2256 (r):
240 2211 411 2261 summa,
446 2228 529 2268 quae
555 2214 788 2270 corporibus
821 2216 859 2256 se
887 2213 1064 2255 divisuris
1081 2212 1269 2254 facillime
1297 2212 1436 2252 ctdat:
1469 2222 1678 2266 perpetua,

40 2282 124 2323 quae
154 2266 257 2309 nulla
280 2271 589 2313 condensatione
612 2271 809 2314 artificiali
823 2300 836 2321 ,
869 2272 1050 2328 nullaque
1067 2271 1210 2330 pariter
1231 2270 1273 2313 vi
1293 2269 1450 2325 fiigoris
1469 2268 1677 2365 1]ῑίηυῖυέ

1054 2331 1092 2372 Z
1140 2346 1162 2371 2.
1630 2340 1643 2365 t

77 2429 140 2469 (r)
162 2432 418 2462 Bonnaavz
440 2435 523 2465 Elem.
548 2435 635 2466 Chem.
660 2438 697 2465 T.
719 2435 742 2465 1.
768 2446 795 2475 p.
818 2443 888 2474 429.
