1913 2610
228 146 311 194 ης
630 137 774 183 L'IB.
821 136 998 181 VIII.
1060 137 1516 180 REstATto.

284 232 444 286 Nempe
471 229 617 284 {linguis
641 230 744 272 calet
765 231 884 283 gradu
922 231 1003 270 fere
1027 234 1082 279 96
1118 228 1424 271 fahrenheitiani
1451 230 1728 272 thermometri
1748 236 1852 287 (g):

227 303 288 329 aer
308 303 432 330 verno
443 303 625 347 tempore
642 289 690 331 ad
711 295 761 331 60
780 289 915 342 gradus
925 303 1044 345 tepet.
1067 289 1257 330 Miscetur
1274 287 1315 328 'm
1332 291 1490 344 pe&ore
1503 288 1602 329 adeo
1615 287 1778 330 fluidum
1789 305 1854 332 ca-

226 346 342 389 lidius
359 346 589 400 &frigidius
600 376 611 395 ,
629 353 670 390 ὅ(
682 346 828 389 fitinde
840 381 854 403 ‚
868 347 988 389 divisa
1004 347 1224 389 differentia
1243 374 1253 393 ,
1275 347 1437 388 fluidum
1448 346 1582 388 medio
1594 347 1715 388 modo
1727 363 1853 403 aequa-

228 405 312 447 liter
324 404 454 453 calens
474 433 485 452 ,
504 422 545 448 ut
566 406 684 460 vulgo
697 406 869 448 creditur
882 434 893 452 ,
909 413 961 457 78
987 405 1173 459 graduum
1188 410 1234 454 (h
1250 411 1263 453 )
1283 432 1294 452 ,
1319 407 1386 447 etsi
1404 406 1692 446 incrementum
1716 407 1853 449 caloris

227 465 266 505 in
294 480 381 506 aere
403 481 423 506 a
444 465 506 507 Cl,
535 466 630 507 olim
649 464 804 519 Georgio
832 462 1037 520 W'olfgnng
1070 465 1254 506 KRAFT
1291 469 1358 515 (i)
1387 464 1499 522 paulo
1537 463 1646 505 aliter
1667 464 1855 507 determi—

228 537 351 565 netur.
382 524 527 579 Neque
557 526 599 565 in
622 539 670 564 eo
707 523 837 565 calore
865 523 1111 570 subsistimus,
1144 539 1235 565 cum
1267 523 1375 564 enirn
1394 538 1521 579 neque
1543 523 1691 576 sanguis
1712 523 1753 564 in
1771 524 1857 580 pul-

226 597 345 623 mone
374 583 620 636 refrigeretur
637 609 648 628 ,
676 598 802 637 neque
843 597 906 622 aer
948 582 997 622 de
1036 582 1223 638 pulmone
1267 580 1409 623 leniter
1450 581 1623 639 expulsus
1653 582 1735 639 ipso
1772 584 1856 623 san-

226 641 344 692 guine
366 641 548 694 frigidior
566 640 652 687 fiat,
695 640 849 682 admitti
868 642 989 697 potest
1006 666 1017 685 ,
1050 656 1180 682 aerem
1202 641 1295 682 tOtis
1312 640 1388 682 illis
1415 646 1465 690 35
1504 640 1682 693 gradibus
1706 641 1856 682 incale-

223 701 351 746 scere,
379 701 515 754 quibus
535 716 555 740 a
593 701 776 753 sanguine
816 701 1036 756 superatur:
1079 715 1206 754 neque
1235 715 1341 740 nunc
1383 699 1593 752 diligenter
1614 715 1852 754 quaerernus,

224 774 305 812 quae
331 760 436 799 causa
455 760 498 799 fit
521 785 531 804 ,
555 774 623 800 cur
646 775 708 800 aer
738 758 783 799 ad
818 758 1099 823 eunbgradum
1120 758 1340 799 incalescat.
1371 757 1450 798 Sed
1481 758 1623 798 clausus
1662 773 1766 799 nunc
1790 773 1853 799 aer

226 819 296 861 est,
325 817 391 871 qui
413 817 601 874 pulmone
630 833 808 874 receptus
833 817 1087 858 continetur:
1111 816 1263 858 rarefiet
1287 816 1394 857 idem
1416 832 1486 873 pro
1505 816 1657 858 ratione
1680 816 1775 857 novi
1790 832 1855 857 ca-

223 874 316 916 loris
330 902 340 921 ,
361 891 435 916 una
457 875 617 930 quidem
639 879 772 917 offlva
795 889 901 932 parte
916 903 926 921 ,
949 889 991 916 ut
1014 891 1062 916 ex
1086 876 1256 931 Stephani
1277 875 1351 915 HA
1366 889 1418 915 LE
1433 892 1448 915 s
1473 878 1551 922 (k)
1580 875 1853 930 experimento

222 933 317 973 solet
339 934 487 991 recipi,
513 949 575 974 aut
598 934 812 976 accuratius
834 935 935 975 forte
982 939 1035 987 '5¹3-
1072 935 1180 975 Nam
1201 949 1264 974 aer
1288 949 1309 973 a
1336 951 1381 983 32
1406 933 1522 986 gradu
1542 959 1552 978 ,
1577 934 1643 989 qui
1670 932 1855 987 congelat*

224 991 344 1032 tionis
376 995 447 1039 est,
483 992 686 1034 calefafims
719 993 766 1034 ad
800 1009 881 1045 214
906 994 1065 1046 gradum
1086 1020 1097 1038 ,
1126 992 1192 1047 qui
1227 995 1277 1033 est
1309 1007 1415 1047 aquae
1438 991 1688 1039 ebullientis,
1727 991 1855 1034 rarefit

224 1066 299 1091 una
316 1051 428 1092 tertia
450 1066 556 1107 parte
591 1052 645 1092 sui
669 1051 882 1093 voluminis
906 1056 988 1100 (I).
1016 1051 1137 1092 Nunc
1168 1051 1195 1090 fi
1225 1052 1270 1092 ab
1301 1057 1371 1092 182
1396 1051 1509 1092 novis
1549 1050 1689 1092 caloris
1726 1051 1854 1104 gradi-

224 1110 291 1151 bus
311 1125 418 1165 purte
430 1109 584 1151 rarescit
607 1110 741 1155 tertia,
765 1109 893 1150 rarefit
925 1125 1032 1167 parte
1055 1125 1096 1162 15
1111 1117 1136 1137 ‘³
1158 1125 1178 1149 a
1193 1109 1372 1162 gradibus
1401 1114 1464 1159 36.

282 1169 326 1209 Si
357 1176 444 1220 15²³
466 1183 572 1225 parte
604 1169 658 1209 sui
688 1167 900 1209 voluminis
932 1184 995 1208 aer
1024 1167 1151 1209 rarefit
1169 1195 1180 1214 ,
1205 1173 1246 1209 &
1274 1170 1404 1225 peetus
1431 1167 1479 1208 ad
1501 1168 1690 1209 summum
1713 1181 1855 1225 expan-

222 1225 302 1267 sum
321 1229 393 1272 est,
426 1242 553 1281 neque
583 1243 700 1283 porro
724 1226 858 1283 pulmo
878 1229 999 1282 potest
1027 1227 1210 1267 latescere
1227 1255 1239 1272 ,
1271 1241 1398 1281 neque
1437 1225 1479 1265 in
1518 1225 1704 1281 pulmone
1726 1226 1852 1267 clauso

225 1285 261 1324 se
291 1288 413 1342 potest
439 1286 684 1341 expandere,
709 1285 802 1339 quin
835 1285 1024 1339 reliquam
1057 1299 1209 1341 partem
1235 1284 1457 1341 pulmonis,
1502 1284 1653 1338 ejusque
1694 1284 1853 1326 visceris

222 1343 377 1399 systema
401 1358 554 1383 aereum
573 1343 831 1399 comprimat,
862 1343 1075 1396 angustiora
1096 1358 1190 1394 ergo
1219 1343 1429 1384 reddentur
1452 1342 1600 1384 vascula
1622 1343 1817 1400 pulmonis
1838 1370 1851 1390 ,

223 1401 407 1455 equidem
419 1401 671 1456 quindecima
694 1415 801 1458 parte
819 1402 871 1442 sui
889 1429 900 1446 ‚
914 1416 1026 1456 atque
1038 1401 1131 1441 inde
1143 1400 1349 1442 deducitur
1362 1401 1403 1442 id
1425 1401 1758 1458 impedimentum
1773 1402 1852 1443 cir-

224 1460 350 1502 cuitus
366 1460 585 1513 sanguinei,
610 1461 717 1514 quod
744 1461 790 1501 ab
809 1460 1060 1517 inspiratione
1083 1459 1310 1501 continuata
1331 1460 1511 1514 sequitur.

279 1519 447 1560 Videtur
484 1518 603 1560 etiam
624 1518 845 1559 consentire
867 1534 949 1559 non
970 1534 1090 1560 unum
1123 1518 1451 1575 experimentum.
1481 1519 1587 1561 Nam
1607 1532 1757 1559 certum
1776 1519 1850 1565 est,

224 1576 455 1618 calidiorem
471 1591 599 1618 aerem
616 1576 951 1634 atmosphaericum
977 1576 1223 1633 respirationi
1241 1576 1442 1618 molestum
1465 1576 1539 1617 effe
1558 1604 1571 1620 ,
1595 1591 1709 1631 atque
1728 1576 1852 1617 anhe-

223 1636 410 1677 lationem
430 1637 578 1676 facere:
603 1649 754 1677 certum
772 1651 792 1676 a
813 1635 1010 1688 frigidiori
1045 1650 1131 1675 aere
1151 1634 1336 1692 inspirato
1352 1662 1365 1682 ,
1403 1651 1424 1676 a
1438 1634 1583 1687 frigido
1614 1636 1730 1675 etiam
1753 1649 1849 1692 potu

220 1694 431 1735 secundum
452 1693 682 1750 pulmonem
703 1693 989 1740 descendente,
1027 1709 1099 1734 nos
1122 1692 1301 1735 levamen
1341 1693 1499 1749 aliquod
1531 1693 1733 1750 accipere:
1770 1708 1848 1748 quo

223 1753 397 1794 videatur
411 1767 454 1793 ea
475 1751 571 1792 aeris
587 1751 736 1792 interni
751 1753 950 1794 rarefafflo
975 1752 1277 1809 contemperari.

278 1811 410 1852 Video
426 1811 544 1851 etiarn
563 1811 893 1866 compressionem
916 1810 1107 1865 sanguinis
1125 1810 1166 1850 in
1187 1825 1270 1852 rete
1291 1810 1487 1852 vasculoso
1513 1807 1728 1866 pulmonali
1772 1824 1848 1850 ma-

221 1867 347 1919 jorem
357 1869 468 1910 reddi
492 1868 598 1926 poss'e
610 1895 623 1914 ,
647 1884 760 1923 quam
779 1871 827 1910 est
838 1875 876 1922 5¹?
916 1897 927 1916 ‚
950 1885 1033 1925 quae
1050 1868 1210 1923 quidem
1219 1869 1352 1926 portio
1368 1884 1450 1910 non
1460 1867 1615 1909 videtur
1626 1882 1777 1909 tanturn
1791 1866 1847 1907 in-

222 1928 481 1969 commodum
502 1927 722 1984 producere
748 1927 866 1984 poffe.
886 1929 929 1970 Si
964 1941 1109 1982 nempe
1138 1941 1296 1969 aereum
1317 1929 1478 1985 systema
1505 1925 1702 1983 pulmonis
1725 1923 1845 1987 majus

224 1986 358 2027 feceris
376 2013 387 2032 ,
400 2002 515 2042 quam
533 1986 696 2043 systema
709 1985 960 2039 sanguineum
972 2013 985 2030 ‚
1001 1984 1150 2043 poteris
1171 1986 1251 2027 fere
1272 2001 1344 2042 pro
1355 1985 1481 2029 lubitu
1502 1983 1687 2027 Circuitus
1701 1983 1846 2046 sangui-

1780 2054 1842 2082 ms

264 2204 328 2283 lii?
348 2205 503 2274 ἓὸηζΒρὲ)
513 2205 744 2285 Ξιςέ.(ῗ1ῗ.ἕνιᾴιρ
761 2245 855 2279 cqloris
880 2255 906 2283 p.
921 2246 966 2275 18.
990 2244 1135 2275 Gradu-rm
1159 2248 1206 2281 69.
1227 2245 1364 2274 HALzs
1382 2243 1495 2282 haemast.
1520 2254 1548 2284 p.
1571 2251 1640 2274 1000·

265 2285 317 2324 (i)
341 2284 428 2323 Phyfic.
451 2286 529 2311 theor.
555 2295 580 2321 p.
603 2294 670 2320 279.
698 2285 825 2323 Repetit,
862 2285 891 2313 in
912 2285 1005 2315 nostro
1027 2285 1110 2320 casu,
1139 2284 1230 2314 sumtis
1256 2284 1338 2329 mallis
1366 2285 1531 2325 aequalibus,
1568 2284 1668 2325 gradus
1693 2279 1842 2322 adquisitos,

231 2335 278 2446 ¹5}
285 2325 515 2445 Ιῖῖζένέεῗὲᾓη
529 2324 642 2402 {sthi}
660 2334 808 2403 Ἑηόῗςᾏᾱ
826 2372 936 2405 ιιοιιεωιΙ
949 2366 976 2395 G
989 2374 1008 2394 o
1020 2374 1037 2395 u
1048 2373 1093 2394 υ.
1105 2373 1114 2395 1
1126 2373 1145 2393 c
1156 2372 1201 2397 ιιι
1217 2364 1357 2407 phystolog.
1377 2372 1428 2395 att.
1457 2372 1523 2396 ιιι.

356 2415 369 2433 e
401 2427 408 2434 .
470 2423 476 2431 .
502 2413 527 2441 p.
559 2411 627 2441 205.
