1965 2677
495 99 714 156 SECT.
758 107 793 150 Ι.
853 104 1201 150 THORAX.
1643 123 1695 160 27

63 207 252 251 tulerunt,
284 203 390 261 quod
411 204 529 246 unice
547 204 596 244 de
621 217 728 261 parte
750 200 1001 254 cartilaginea
1029 213 1166 242 verum
1189 201 1238 240 est
1253 226 1264 245 ,
1299 214 1381 255 quae
1403 199 1570 240 ssernum
1594 196 1697 239 inter

61 272 103 308 ὃς
123 280 367 307 curvaturam
389 263 626 304 anteriorem
648 261 924 318 interponitur.

119 325 220 366 Hac
237 323 371 364 omnia
387 321 564 379 repetitis
581 320 862 377 experimentis
873 316 1118 362 confirmata,
1135 331 1220 358 tuto
1234 318 1356 358 credo
1369 315 1563 357 adfirmari
1576 311 1693 372 poffe,

59 397 188 437 neque
205 382 378 423 virorum
392 406 402 425 2
427 380 601 436 alioquin
622 379 693 420 suis
712 378 864 420 meritis
883 377 1208 433 conspicuorum,
1230 376 1295 416 sed
1314 375 1595 432 experimentis
1620 376 1695 415 mi—

60 456 131 481 nus
146 440 352 485 utentium,
368 440 578 481 contrarias
596 438 808 496 opiniones
830 436 897 477 hic
915 435 1073 476 refutari
1087 435 1208 476 credo
1223 434 1376 476 necesse
1393 433 1483 479 esse,
1497 435 1695 490 postquam

61 499 179 539 toties
196 498 337 540 iterato
356 512 400 538 ea
417 498 525 542 vidi,
548 514 630 552 quse
651 496 718 537 hic
740 510 936 553 propono.

117 557 167 597 In
187 556 446 613 exspiratione
463 572 569 598 nunc
590 557 732 597 horum
755 553 934 595 omnium
958 551 1151 594 contraria
1167 549 1288 598 fiunt,
1313 556 1354 593 ὃ(
1377 550 1564 591 facillime
1585 550 1696 591 intel-

57 615 249 668 liguntur,
291 631 372 671 quae
389 616 472 657 fere
489 632 539 658 ex
557 614 752 672 prioribus
773 613 921 654 inversa
942 613 1028 652 sint.
1063 610 1188 651 Costae
1212 611 1371 665 quidem
1389 610 1477 651 iniae
1504 624 1573 665 per
1592 610 1695 649 suam

57 674 247 716 fabricam
269 673 458 716 facillime
488 675 666 715 deorsum
686 673 887 713 trahuntur
909 674 954 720 (i
970 675 997 718 ).
1031 668 1195 710 Eaedem
1212 685 1231 709 a
1252 668 1510 726 superioribus
1524 694 1534 712 2
1559 683 1600 709 ur
1619 684 1696 708 ma-

58 733 116 786 gis
143 734 410 779 descendunt,
439 734 493 774 ita
518 734 709 774 recedunt
732 730 876 784 magis,
914 727 1126 787 plurimum
1159 727 1316 774 infima,
1348 727 1493 769 deinde
1515 726 1696 783 proxime

57 791 284 848 superiores.
327 792 387 833 Ita
403 791 607 833 intervalla
629 794 817 832 costarum
835 789 1057 830 increscunt
1091 791 1140 836 (k
1158 792 1185 834 ).
1237 787 1377 827 Tertia
1400 801 1506 843 parte
1525 785 1696 843 primum

58 850 307 892 intervallum
327 856 394 899 (l)
419 853 572 892 auffrum
596 852 657 890 est.

115 910 345 967 Superiores
364 913 498 955 costae,
523 911 568 951 ab
593 912 728 950 onava
743 907 791 949 ad
808 907 955 950 sextam
970 933 981 952 ,
1009 905 1263 946 detrahuntur
1286 910 1324 947 ὃ(
1348 903 1435 962 ipsae
1468 904 1609 945 mediis
1632 904 1695 944 in-

57 967 194 1024 primis
214 969 375 1010 arcubus
389 996 399 1014 ,
429 984 470 1010 ut
491 984 646 1014 tamen,
671 983 761 1008 cum
783 983 919 1024 parum
938 964 1124 1005 firmitate
1155 963 1358 1009 differant,
1390 963 1579 1021 parallelae
1612 979 1695 1004 rna-

52 1042 172 1068 neant
196 1033 299 1075 (m).
345 1028 602 1081 Cartilagines
636 1041 771 1067 rotatae
803 1031 844 1067 ὅ(
869 1023 1115 1081 compressae,
1154 1037 1259 1064 nunc
1289 1022 1377 1065 situi
1403 1022 1567 1063 naturali
1589 1022 1696 1062 resti-

53 1099 232 1132 tuuntur,
255 1092 296 1128 ὃς
313 1087 496 1140 angulum
513 1087 694 1127 deorsum
711 1099 868 1125 acutum
884 1087 961 1133 (n)
979 1097 1157 1139 reparant
1169 1108 1179 1126 2
1197 1097 1314 1137 quem
1330 1081 1434 1139 prius
1453 1098 1544 1122 cum
1566 1083 1693 1121 sterno

53 1143 369 1202 intercipiebant.
414 1145 625 1187 Intervalli
646 1158 776 1185 autem
795 1141 1067 1195 cartilaginum
1089 1139 1237 1194 majora
1254 1141 1352 1182 fiunt
1367 1168 1379 1187 2
1405 1141 1433 1180 fi
1451 1156 1518 1198 per
1540 1139 1695 1196 inspira<

53 1203 206 1244 tionem
229 1205 486 1246 vehementer
521 1203 715 1245 diminuta
736 1202 894 1243 fuerint.

109 1264 234 1320 Super
267 1263 443 1318 quintam
467 1265 611 1304 costam
631 1262 779 1304 eaedem
803 1259 1047 1303 descendunt
1069 1258 1257 1316 perinde,
1293 1262 1333 1298 ὅς
1352 1273 1372 1298 a
1387 1259 1423 1298 se
1444 1257 1621 1298 invicem
1638 1272 1693 1298 re-

52 1321 199 1364 cedunt
212 1350 223 1368 2
244 1322 467 1378 majoraque
489 1322 639 1364 faciunt
662 1320 866 1362 intervalla
881 1347 892 1366 2
908 1319 997 1375 quia
1014 1333 1177 1373 quaeque
1198 1317 1363 1359 inferior
1384 1318 1485 1359 costa
1506 1315 1694 1372 superiori

51 1380 239 1421 mobilior
252 1407 263 1425 ,
296 1382 452 1421 facilius
471 1379 687 1423 descendit,
716 1380 848 1419 donec
865 1378 1063 1418 diversitas
1086 1376 1127 1415 in
1149 1377 1280 1432 primo
1296 1375 1504 1417 intervallo
1524 1374 1694 1416 maxima

50 1436 116 1477 fiat
147 1443 250 1488 (ο),
289 1454 381 1478 cum
414 1438 582 1478 secunda
611 1437 790 1477 vertebra
821 1435 898 1476 sola
930 1434 1164 1478 descendat,
1198 1434 1323 1490 prima
1345 1434 1478 1473 sedem
1500 1433 1605 1473 suam
1623 1433 1694 1474 im-

50 1510 157 1536 mota
178 1510 322 1537 teneat.

107 1555 296 1607 Margine
324 1553 491 1612 perinde
512 1552 728 1611 superiores
750 1553 967 1595 extrorsum
987 1564 1213 1598 vertuntur,
1251 1556 1293 1592 ὃ(
1316 1549 1524 1591 inferiores
1545 1550 1691 1590 intror-

48 1613 128 1654 sum
143 1640 156 1656 ‚
186 1630 228 1656 ut
254 1613 428 1655 thoracis
450 1613 656 1656 transversa
675 1612 867 1653 diameter
898 1614 1062 1653 meretur
1086 1614 1184 1666 (p).

108 1671 269 1714 Deinde
290 1675 457 1714 sternum
468 1702 480 1720 ,
506 1672 614 1729 quod
626 1671 853 1712 rantrorsum
870 1671 1036 1721 eminuit
1047 1701 1060 1718 ,
1077 1686 1098 1711 a
1113 1668 1441 1710 descendentibus
1453 1669 1566 1711 costis
1578 1667 1689 1709 deor-

49 1730 129 1772 sum
146 1734 307 1774 rufium
319 1759 331 1778 ,
355 1738 397 1774 ὃς
414 1733 624 1774 retrorsum
631 1758 648 1781 2
670 1733 803 1788 pefiffls
821 1733 937 1772 adrat
970 1735 1016 1787 (q
1029 1735 1057 1779 ).

110 1790 212 1832 Haec
230 1791 368 1832 onmia
384 1791 427 1832 in
444 1791 699 1849 respiratione
720 1789 799 1830 sani
824 1789 1002 1849 hominis
1026 1789 1224 1845 aliquanto
1248 1787 1494 1831 contentiori
1527 1803 1572 1828 ea
1590 1784 1688 1827 fiunt

50 1864 141 1890 cum
176 1852 372 1898 mensura,
421 1865 464 1892 ut
486 1849 692 1908 exspiratio
715 1849 887 1906 perfecie
922 1863 1012 1889 eum
1041 1851 1175 1890 statum
1207 1848 1399 1893 restituat,
1442 1863 1491 1888 ex
1516 1862 1594 1902 quo
1623 1846 1687 1886 in-

47 1906 206 1965 spiratio
228 1913 360 1966 pecius
378 1909 562 1952 dimovit.
603 1908 646 1950 Si
666 1923 762 1951 vero
783 1908 1063 1950 vehementior
1086 1907 1293 1966 exspiratio
1316 1922 1380 1948 aut
1402 1922 1421 1947 a
1437 1907 1601 1951 morbo,
1625 1919 1686 1946 aut
1722 1959 1724 1962 .

49 1981 71 2007 a
100 1965 313 2012 voluntatis
329 1968 500 2027 imperio
518 1968 760 2016 successerit,
780 1981 824 2009 ea
851 1967 905 2010 ita
927 1967 1074 2023 majora
1087 1966 1207 2014 fient,
1228 1982 1270 2010 ut
1288 1969 1454 2008 sternum
1475 1965 1597 2018 magis
1616 1964 1688 2005 de-

84 2037 88 2041 “
1091 2027 1130 2068 D
1165 2043 1187 2071 2.
1541 2023 1687 2082 prima-

126 2105 140 2145 )
166 2118 194 2147 p·
217 2114 258 2144 ²4

174 2175 177 2178 .
217 2159 242 2188 p.
264 2160 292 2181 2,.
313 2161 358 2182 ιο.
380 2159 428 2182 22.
453 2158 502 2190 25.

169 2189 238 2229 Exp.
262 2200 290 2222 2.

167 2311 296 2390 ἐὲρεξρ.
319 2321 349 2342 2.
365 2313 543 2351 intervallum
576 2314 668 2356 crgvi}
682 2313 866 2356 {esquilina}
895 2313 949 2347 five
970 2313 1062 2361 quinta
1087 2313 1258 2369 Paff‘ssssxl’·
1280 2320 1307 2342 ι’.
1326 2319 1353 2350 p.
1374 2314 1443 2349 ²¹54

134 2145 148 2185 )

139 2187 154 2227 )

139 2229 155 2350 ξ
176 2271 248 2310 Exp.
267 2253 319 2310 ·25.
818 2247 822 2249 '
1154 2285 1157 2288 Δ
1196 2271 1220 2277 ,,

132 2351 146 2431 3
169 2392 241 2431 Exp.
262 2401 290 2422 2·
311 2403 338 2432 p.
354 2396 420 2426 218.
