1965 2677
513 101 1309 159 εΕοἹῖΙιῑΤοΝῐ,
1677 139 1762 177 447

690 239 726 284 ς.
757 232 851 275 IX.
915 231 1158 285 ObJefflones.

171 350 306 397 Solet,
337 345 379 392 δέ
408 365 493 394 non
523 350 668 408 absque
699 349 869 395 utilitate
890 349 1074 409 publica,
1104 352 1174 395 vix
1212 350 1288 394 ulla
1309 366 1414 395 nova
1439 352 1579 412 opinio
1602 358 1762 400 obtine-·

115 427 160 454 re
176 440 188 460 ,
216 411 288 453 nisi
304 409 408 467 prius
426 426 448 451 a
463 425 635 469 receptae
647 410 849 455 sententia
870 411 1079 454 tenacibus
1095 412 1190 454 viris
1208 412 1542 456 contradifflones
1557 417 1669 473 passa,
1691 418 1760 458 de-

110 487 222 513 mum
258 471 340 511 istas
361 470 516 512 suorum
559 470 875 513 testimoniorum
914 470 1060 512 robore
1086 470 1334 530 superaverit.
1366 473 1497 515 Multa
1518 476 1600 516 sunt
1633 478 1759 523 adeo,

106 545 190 584 quae
212 544 353 571 contra
374 529 408 570 F
410 543 617 571 nummum
635 545 718 572 non
739 529 884 571 humili
914 531 1070 573 aussore
1104 531 1302 589 proposita
1335 532 1442 581 sunt3
1473 533 1656 576 historica
1680 542 1693 580 (
1707 555 1723 578 s
1744 543 1759 585 )

107 587 238 644 aliqua
252 615 265 633 ‚
286 586 361 630 alia
388 589 624 631 anatomica.
656 588 845 631 Diximus
859 615 871 635 ,
903 603 1032 645 neque
1048 590 1092 632 id
1120 590 1282 647 quidem
1302 591 1447 646 absque
1469 608 1611 646 magna
1632 595 1762 651 specie

106 648 194 689 veri
212 661 435 704 repetemus
452 675 465 695 ‚
491 648 660 691 omnino
679 646 955 703 cartilaginem
980 647 1141 703 quidem
1159 649 1427 691 scutiformem
1448 653 1662 694 antrorsum
1674 670 1760 711 pro-

104 706 215 754 ferri,
245 707 310 749 sed
327 722 420 749 curn
442 722 530 750 toto
550 707 715 763 larynge
736 711 778 749 ὃ(
801 722 893 750 cum
929 708 1169 762 obsequente
1204 707 1436 762 cartilagine
1476 710 1621 753 anulari
1649 718 1662 761 (
1681 727 1696 754 e
1717 719 1757 762 ),

102 779 236 821 neque
258 765 383 813 adeo,
406 765 450 807 in
473 781 523 808 eo
563 782 698 813 motu,
739 765 958 820 ligamenta
1002 767 1188 821 glottidis
1229 768 1356 809 tendi.
1415 769 1564 826 Utique
1600 772 1762 827 quidem

100 824 199 866 ‘dum
219 824 393 867 elevatur
417 825 557 880 larynx
574 853 585 872 ‚
617 826 732 869 tendi
755 827 992 880 ligamenta,
1030 827 1096 869 sed
1134 842 1209 868 una
1241 827 1455 879 glottidem
1491 832 1625 871 arCtari
1645 837 1726 880 (u)
1744 859 1755 879 ‚

104 897 271 941 eamque
294 884 447 927 causam
465 885 541 928 effe
568 886 654 928 soni
669 886 856 927 acutioris
878 885 1045 928 additur.
1076 887 1221 942 Neque
1252 885 1467 940 ligamenta
1498 889 1680 941 glottidis
1716 891 1759 933 li-

101 941 196 985 bera
225 942 323 990 effe,
341 959 426 999 quae
446 958 618 987 tremere
641 945 783 1003 poffint
801 949 879 993 (x)
899 971 912 992 ,
941 945 1007 988 sed
1028 945 1089 988 ita'
1104 946 1238 991 velari,
1257 960 1300 987 ut
1322 946 1586 990 oscillationes
1606 950 1756 993 sonorae

57 1035 59 1037 .
101 1017 125 1043 a
151 1001 416 1055 circumjeffis
449 1003 535 1045 aliis
554 1004 734 1062 corporis
755 1004 924 1062 partibus
958 1005 1237 1063 impediantur.
1299 1005 1418 1047 Adeo
1441 1023 1575 1064 parum
1600 1010 1757 1052 necesse

101 1060 179 1102 esse
196 1090 209 1109 ‚
230 1076 273 1103 ut
293 1062 454 1105 vibrent
471 1062 689 1117 ligamenta
709 1063 894 1117 glottidis
909 1091 921 1111 ‚
943 1079 986 1106 ut
1007 1065 1048 1106 in
1072 1065 1228 1111 avibus,
1257 1064 1395 1121 quibus
1416 1065 1666 1120 cartilagines
1681 1085 1754 1126 pro

101 1120 268 1162 chordis
289 1121 378 1162 sunt
417 1126 471 1177 (y
487 1128 501 1171 )
519 1149 531 1170 ,
570 1126 605 1165 ἀ
630 1124 672 1165 in
695 1139 848 1178 organo
862 1151 874 1171 ‚
915 1124 1151 1181 plumbeave
1176 1140 1241 1166 aut
1264 1124 1426 1166 chartea
1448 1130 1463 1173 (
1480 1131 1533 1174 z)
1558 1125 1729 1179 glottide
1745 1156 1757 1176 ,

100 1192 167 1220 aut
188 1194 324 1227 cerea,
354 1182 494 1223 variati
516 1198 652 1224 tamen
670 1184 760 1223 toni
790 1182 1055 1224 obtineantur.
1091 1183 1171 1225 Sed
1192 1198 1321 1239 neque
1336 1198 1417 1225 tam
1439 1185 1601 1227 brevem
1623 1186 1664 1228 in
1685 1204 1755 1230 va-

100 1236 243 1280 rietate
282 1237 550 1291 longitudinis
586 1241 690 1297 quasi
718 1243 863 1289 scalam
892 1241 1066 1284 sufficere
1092 1242 1360 1300 producendae
1385 1243 1608 1286 admirabili
1637 1247 1754 1288 sono-—

99 1310 187 1338 rum
217 1301 232 1345 (
252 1302 305 1346 a)
327 1297 508 1341 varietati
523 1315 671 1358 parem.
698 1299 747 1340 In
766 1299 1050 1357 experimentis
1073 1302 1340 1343 Fssnnsmms
1352 1328 1364 1348 ‚
1390 1303 1548 1358 quando
1569 1303 1755 1363 imposito

99 1353 185 1396 stilo
201 1355 419 1410 ligamenta
437 1359 973 1417 comprimuntunnunquam
991 1375 1171 1403 accurate
1182 1363 1372 1406 ofitavam,
1388 1362 1757 1417 quintam‚tertiam,

99 1414 191 1456 toni
209 1414 351 1471 prioris
367 1418 536 1472 produci
569 1420 675 1466 (b),
708 1417 774 1458 sed
806 1416 926 1459 alium
957 1432 1110 1461 temere
1139 1419 1334 1461 elevatum
1365 1421 1526 1471 sonum3
1550 1437 1613 1463 aut
1649 1425 1750 1467 nihil

98 1473 318 1529 quidquam
337 1476 503 1523 mutari,
524 1477 553 1517 fi
585 1476 711 1523 stilus,
750 1491 829 1531 quo
852 1492 1013 1531 urgetur
1039 1478 1328 1534 ligamentum,
1367 1480 1481 1523 valde
1507 1482 1635 1524 tenuis
1663 1484 1750 1525 fue—

98 1531 152 1574 rit
168 1537 256 1581 (c).
288 1531 382 1585 Ejus
403 1551 527 1583 vero,
554 1551 640 1590 quae
674 1536 765 1578 alias
792 1537 1034 1594 percipitur,
1072 1538 1303 1579 mutationis
1335 1540 1484 1581 causam
1507 1539 1583 1581 effe
1616 1542 1656 1583 in
1690 1559 1750 1584 ar-

99 1592 200 1633 stata
211 1590 387 1644 glottide
410 1599 423 1642 (
441 1597 506 1641 d).
538 1594 750 1649 Denique,
783 1595 928 1652 absque
950 1596 1027 1638 ulla
1061 1597 1280 1655 suspicione
1300 1598 1488 1640 tensionis
1510 1599 1749 1644 chordarum

96 1648 327 1692 sonorarum
347 1677 358 1697 ,
375 1653 418 1694 in
435 1652 547 1695 sibilo
564 1654 661 1695 alios
689 1661 731 1697 ὁ(
747 1652 845 1696 alios
880 1655 994 1698 sonos
1011 1687 1024 1705 ,
1046 1672 1067 1698 a
1095 1657 1174 1699 sola
1196 1657 1389 1710 angustia,
1416 1673 1478 1699 aut
1500 1674 1519 1699 a
1541 1658 1748 1702 latitudine

97 1707 295 1751 intervalli
329 1709 525 1755 labiorum
561 1713 853 1769 produci(e),
890 1714 993 1756 nihil
1034 1731 1126 1758 vero
1159 1716 1435 1764 intercedeie,
1466 1717 1559 1773 quin
1582 1720 1747 1775 perinde

89 1765 284 1820 *glotti'dis
308 1771 452 1814 variata
463 1771 635 1814 >latitudo
664 1773 781 1814 sonos
810 1771 939 1816 varios
976 1774 1120 1819 efficiat
1141 1780 1221 1826 (f).

1663 1837 1748 1881 Alii

136 2384 196 2467 (Β
213 2394 316 2458 {bist-3.
335 2390 406 2422 Non
416 2389 564 2433 intelligo,
584 2394 662 2432 quod
675 2393 735 2425 *hic
748 2371 894 2435 respondet
907 2398 1060 2428 ΔΜοητΛ
1073 2405 1179 2429 cni-t
1215 2398 1392 2447 e'elairclffi'p.
1417 2410 1470 2445 92:
