1913 2610
199 155 285 202 ²452
734 143 906 188 LIB.
971 145 1070 189 IX.
1132 147 1171 188 v
1217 147 1257 188 o
1298 146 1353 188 x.

206 242 280 283 esse
316 238 518 299 probabile
539 237 584 279 fit
595 263 605 283 2
646 252 730 294 quae
751 253 891 296 praeter
923 235 1101 291 glottidis
1133 237 1345 292 ligamenta
1367 239 1414 282 ad
1447 239 1671 283 mutandam
1698 256 1845 285 vocem

205 301 422 342 conferant.
1608 306 1610 308 '

265 360 309 400 Si
336 359 378 400 in
402 358 533 401 avibus
550 357 737 415 aquaticis
760 353 933 398 tremulae
956 358 1192 400 membranae
1209 358 1362 399 bonchi
1385 359 1499 399 sonos
1530 357 1635 415 prius
1661 361 1810 404 variant
1831 370 1844 408 ‚¹

204 436 319 478 quam
340 420 386 460 ad
404 418 617 471 glottidem
640 422 653 466 (
671 421 712 467 i)
736 431 798 457 aer
812 414 923 457 venit
937 442 948 461 ,
980 416 1046 472 qui
1066 429 1132 458 eos
1151 418 1264 458 sonos
1285 418 1396 459 vehit
1410 445 1420 464 2
1442 418 1610 459 minime
1632 434 1843 476 repugnat,

205 479 299 538 quin
322 478 364 519 in
380 478 520 531 linguae
542 494 630 518 cum
662 476 788 534 palato
811 475 911 515 rima
927 503 937 521 ,
976 476 1066 531 quin
1092 477 1130 517 in
1149 477 1319 518 resonitu
1342 478 1490 518 natium
1507 503 1518 522 >
1557 477 1649 532 quin
1673 478 1713 518 in
1739 478 1846 535 pala-

204 542 254 582 tis
278 538 463 579 varietate
483 538 600 579 causae
624 537 696 577 sint
715 564 725 583 ,
765 550 848 590 quae
867 534 1003 575 sonum
1031 535 1080 576 de
1103 535 1270 588 glottide
1297 537 1495 591 expulsum
1519 536 1626 579 varie
1659 553 1845 579 contem-

205 611 356 658 perent.
443 597 589 651 Neque
628 595 805 637 dubitare
837 593 926 635 sinit
964 593 1027 634 vel
1064 594 1175 636 'fibili
1217 595 1441 652 exemplum
1455 623 1467 642 ‚
1514 596 1556 635 in
1595 612 1672 650 quo
1710 597 1846 649 glottis

203 659 290 702 soni
321 656 421 711 quasi
443 655 682 697 elementum
705 653 892 696 ministrat
909 681 919 699 ,
962 653 1101 694 arctior
1130 670 1225 697 vero
1240 682 1251 701 ,
1291 670 1353 695 aut
1380 654 1507 696 minus
1530 658 1627 697 amita
1649 655 1844 698 labiorum

204 719 324 762 rima,
348 730 513 756 acumen
531 715 639 756 addit
662 729 725 755 aut
743 714 864 754 aufert
880 740 891 759 ,
928 729 990 754 aut
1013 713 1053 753 in
1076 714 1153 755 alio
1169 713 1285 759 simili
1303 714 1487 770 exemplo
1510 714 1632 762 rima,
1661 732 1744 771 quae
1765 715 1845 756 lin-

205 793 322 832 guam
346 774 448 814 'mter
466 780 505 815 ὅ(
531 773 697 830 palatum
720 773 867 814 osseum
882 772 1144 829 intercipitur.
1206 775 1304 814 Haee
1324 774 1415 814 ideo
1445 789 1590 815 moneo
1605 802 1616 818 ,
1654 775 1753 830 <quia
1781 774 1843 815 Ill.

204 836 281 879 viri
303 848 442 874 omnes
477 834 644 874 omnino
668 847 808 890 praetet
835 832 1046 886 glottidem
1069 833 1248 892 corporis
1280 833 1441 876 humani
1469 847 1596 891 partes
1618 850 1637 876 a
1653 832 1766 877 vocis
1783 847 1845 876 va<-

204 894 350 938 riandae
373 894 559 950 potestate
581 907 848 935 removerunt.

762 1020 796 1065 ς.
827 1013 945 1056 XII.
1010 1014 1122 1059 Vocis
1151 1020 1273 1060 robur.

263 1132 329 1174 Ad
359 1132 476 1175 robur
503 1132 616 1175 vocis
637 1132 846 1188 requiritur
876 1149 1125 1176 momentum
1165 1151 1351 1189 magnum
1374 1136 1473 1187 aeris
1508 1140 1583 1186 (k)
1618 1150 1685 1192 per
1707 1135 1845 1190 glottiss

202 1191 297 1233 'dem
321 1192 421 1238 elifi,
455 1198 495 1234 ὅ(
517 1207 670 1235 tremor
695 1193 842 1234 validus
857 1192 1173 1244 ligamentorum.
1192 1194 1370 1235 Primum
1386 1196 1485 1236 adeo
1502 1194 1667 1252 amplius
1683 1195 1817 1252 pulmo
1830 1223 1845 1243 ρ

201 1250 405 1306 multoque
428 1266 515 1292 aere
547 1250 683 1308 plenus
707 1252 785 1293 huc
814 1251 921 1292 facit.
985 1253 1171 1293 Laterum
1207 1253 1422 1294 vastitatem
1450 1255 1490 1294 in
1513 1269 1617 1295 voce
1642 1254 1844 1296 fortiffima

202 1309 424 1363 generanda
457 1325 608 1351 veteres
643 1309 809 1351 minime
836 1309 1093 1362 ignorarunt,
1142 1315 1182 1351 ὃς
1217 1312 1405 1352 subtiliter
1438 1312 1643 1353 adnotavit
1679 1313 1846 1353 GALB-

204 1383 265 1408 Νι]
284 1384 298 1408 s
324 1372 412 1417 (l),
432 1368 473 1409 in
495 1367 723 1410 animalibus
740 1368 943 1410 vocalibus
957 1395 968 1414 ,
1001 1369 1241 1427 appendices
1261 1370 1562 1428 diaphragmatis
1583 1370 1748 1424 majores
1769 1371 1848 1412 effe

204 1433 246 1470 &
263 1427 419 1481 longius
435 1428 673 1469 descendere
692 1455 703 1473 ‚
746 1444 859 1483 quam
877 1428 919 1468 in
940 1428 1209 1486 oligophonis.
1261 1430 1312 1470 Et
1331 1433 1464 1488 apastu
1484 1429 1584 1470 male
1605 1430 1847 1473 declamatur

203 1493 246 1530 ὃς
268 1486 462 1529 difficilius
499 1490 617 1534 (m),
652 1488 758 1541 quod
785 1487 938 1544 plenius
967 1488 1164 1528 abdomen
1190 1489 1415 1530 descensuro
1454 1488 1740 1546 diaphragmati
1761 1490 1846 1531 refi-

201 1549 269 1589 stat
286 1573 298 1592 ,
335 1561 463 1601 neque
485 1545 627 1602 pariter
654 1547 749 1588 sinat
772 1547 941 1604 peE’mris
963 1562 1122 1588 caveam
1150 1547 1332 1604 expandi.
1395 1547 1507 1589 Hinc
1540 1548 1676 1602 quibus
1712 1552 1845 1606 peetus

201 1606 331 1649 minus
371 1604 567 1647 dilatabile
583 1631 594 1651 ,
639 1605 669 1646 ii
707 1606 755 1647 ad
790 1621 950 1647 cantum
980 1605 1158 1659 juvantur
1203 1606 1352 1659 magnis
1389 1606 1707 1662 inspirationibus
1749 1614 1846 1656 (n).

205 1665 319 1707 Hinc
342 1664 462 1707 etiam
483 1664 718 1723 consumpto
741 1665 929 1723 pulmone
950 1681 1030 1706 vox
1054 1664 1094 1704 in
1123 1665 1326 1720 phthisicis
1351 1669 1423 1714 (o)
1448 1664 1690 1712 humillima,
1729 1681 1845 1721 quam

200 1724 270 1767 vix
290 1724 484 1765 exaudias.
516 1723 628 1764 Hinc
656 1724 788 1766 avibus
818 1740 890 1780 pro
912 1723 1089 1781 corporis
1114 1723 1220 1764 mole
1248 1723 1390 1766 fortior
1410 1740 1512 1769 vox>
1542 1729 1583 1775 ὅς
1613 1724 1704 1766 miri
1720 1725 1762 1766 in
1783 1724 1845 1765 lu-

200 1783 321 1825 scinia
343 1782 526 1828 roboris‚'
564 1784 670 1838 quod
694 1785 825 1825 avibus
845 1798 926 1824 non
957 1784 998 1824 in
1022 1783 1219 1839 pulmonis
1241 1784 1358 1825 unice
1386 1783 1535 1826 cellulis
1552 1810 1564 1830 ‚
1616 1784 1682 1825 sed
1714 1783 1758 1825 in
1779 1797 1845 1830 tor

200 1842 276 1884 tius
298 1841 374 1882 late
395 1841 617 1883 abdominis
647 1843 892 1899 ρεᾶῡῑίεῳιε
921 1842 1070 1884 cellulis
1099 1857 1162 1883 aer
1191 1843 1236 1884 sit
1273 1848 1360 1899 (pl.

261 1902 321 1942 Ita
347 1900 490 1958 pariter
510 1901 676 1957 amplior
692 1903 820 1958 aspera
847 1901 985 1943 arteria
1014 1907 1027 1951 (
1045 1908 1091 1959 q)
1111 1929 1122 1948 ‚
1158 1918 1241 1957 quae
1261 1901 1425 1943 multum
1443 1901 1581 1944 reddat
1604 1900 1723 1948 aeris,
1747 1899 1842 1943 mul-

199 1974 284 2003 tum
299 1959 347 2001 ad
371 1959 483 2004 vocis
509 1974 613 2003 vires
638 1963 822 2004 conferre
849 1962 1018 2003 videtur.
1079 1962 1214 2003 Leoni
1243 1977 1323 2005 vox
1348 1977 1505 2017 magna,
1558 1967 1599 2004 ὃζ
1620 1962 1740 2014 longe
1762 1975 1844 2001 ter-

1688 2018 1811 2062 ribilis
1827 2032 1845 2070 3

245 2133 297 2175 (i)
319 2136 484 2171 ΜΑιοετ
507 2137 562 2168 ἀῖῐΐ.
578 2136 623 2166 εἶτ.
639 2147 664 2174 p.
684 2145 727 2165 ιο.
759 2139 872 2166 Vocem
884 2134 987 2165 faciunt
1002 2135 1169 2176 clangosam.

243 2175 301 2253 {¹53
324 2178 905 2255 &ganaitidanatsi:¹⁷⁰0·
921 2188 948 2217 Ρ·

244 2256 300 2294 (m)
322 2257 446 2285 HALES
472 2258 613 2296 haemastat.
642 2269 668 2296 p.
699 2258 746 2286 83.

243 2297 302 2335 (n)
325 2297 489 2325 ΒεηΑκῐ)
513 2310 538 2335 p.
562 2307 611 2333 43.

245 2336 301 2373 (o)
326 2335 410 2364 Conf.
432 2338 729 2368 SCHRLHAMMER
749 2348 775 2378 p.
803 2347 853 2378 37.

243 2376 299 2416 (p)
322 2387 346 2413 p·
378 2379 440 2406 128·

242 2416 303 2458 (q)
324 2418 507 2446 AMMANN
529 2430 553 2459 p.
584 2427 630 2456 30.
