1965 2677
0 715 11 773 νη.

0 984 13 1152 τγν-ι--ν-ν-γ-
0 954 7 977 «v

0 1168 12 1233 ’Ἴτ’-τῦ
0 1157 6 1164 v

304 102 522 157 SEC‘T.
571 109 673 154 IV.
736 107 928 152 EJus
976 106 1538 152 PHAENoMENA.
1685 126 1764 162 241

112 206 272 265 quidem
306 206 420 247 costae
438 203 678 245 diametrum
712 217 733 243 a
767 200 918 243 dextris
944 200 995 242 ad
1026 198 1173 242 finistra
1196 200 1362 243 dilatent
1395 207 1492 258 (g).
1541 201 1651 243 Τοῖα
1672 202 1772 245 adeo

108 264 280 326 pe&oris
294 262 523 322 cylindrica
540 276 661 304 cavea
677 263 800 318 potest
817 260 858 301 in
890 259 1053 302 taleolas
1064 260 1209 303 dividi.
1240 262 1309 303 Eae
1337 261 1490 303 taleolas
1504 275 1594 301 ante
1617 263 1771 304 muscu-

104 328 234 371 lorum
252 321 563 365 intercostalium
581 320 779 363 afflone-m
800 319 1007 374 obliquum
1030 336 1123 362 cum
1146 321 1334 363 columna
1357 320 1569 362 vertebrali
1586 320 1771 374 angulum

105 383 369 441 intercipiunt
387 387 487 432 (h),
514 396 584 439 per
607 394 746 422 eorum
767 395 864 422 vero
887 379 1155 420 musculorum
1174 380 1399 438 potentiam
1418 394 1563 421 emotae
1587 380 1769 433 angulum

105 458 213 488 nunc
240 444 389 483 metum
423 440 648 482 describunt
681 444 764 487 (i).
809 438 889 480 Sed
928 437 1123 491 ejusmodi
1144 438 1315 484 taleola‚
1339 439 1388 480 ad
1420 438 1601 491 angulum
1623 441 1770 481 foetum

106 505 159 547 de
180 499 367 560 cylindro
389 500 532 542 resena
546 527 558 547 ,
581 499 749 555 amplior
779 500 828 539 est
852 499 966 538 omni
993 497 1136 540 taleola
1157 513 1267 555 aeque
1298 498 1373 539 lata
1393 525 1404 544 ‚
1439 513 1523 553 quae
1548 497 1598 537 de
1631 498 1769 539 eadem

106 560 296 621 cylindro
319 558 368 599 ad
390 559 509 601 alium
542 559 727 611 angulum
760 558 909 599 secatur
947 562 961 605 (
982 564 1002 598 k
1016 562 1047 606 ).

166 621 228 662 Ita
248 617 415 661 nascitur
436 618 581 675 triplex
598 617 663 658 illa
683 616 854 674 pe&oris
868 620 910 656 &
926 616 1129 673 pulmonis
1149 633 1169 658 a
1190 614 1447 673 respiratione
1464 615 1657 661 dilatatio,
1677 631 1768 656 cum

107 685 150 722 &
173 677 338 721 altitudo
374 693 443 736 per
473 677 727 734 diaphragma
763 674 1045 733 prolongetur,
1083 682 1123 717 ὃς
1154 690 1315 730 utraque
1339 675 1533 717 diameter
1557 674 1763 716 transversa

108 754 129 779 a
153 737 266 780 costis
298 734 461 780 elevatis
490 737 785 777 incrementum
805 732 947 790 capiat
986 739 1077 783 (l).

433 862 467 905 §-
497 855 553 895 X.
619 852 734 896 Vires
756 857 950 907 accefforiae
983 871 1057 911 quae
1080 856 1262 895 thoracem
1291 856 1459 894 dilatant.

167 974 232 1014 Est
257 988 391 1016 tamen
412 988 495 1014 non
515 988 593 1014 una
615 972 770 1014 occasio
787 999 797 1018 ,
837 970 905 1012 ubi
928 986 979 1012 ne
1018 971 1075 1012 hae
1107 969 1271 1026 quidem
1292 970 1397 1013 vires
1425 970 1630 1011 sufficiunt.
1694 971 1765 1010 In-

106 1033 252 1075 tenssor
277 1047 422 1090 nempe
443 1031 644 1090 inspiratio
671 1030 885 1072 neceffaria
907 1032 979 1074 est,
1001 1030 1157 1086 quoties
1175 1028 1367 1082 majorem
1386 1029 1546 1087 copiam
1568 1029 1762 1083 sanguinis

105 1107 176 1148 per
197 1090 431 1149 pulmonem
450 1091 552 1133 intra
572 1091 683 1132 idem
700 1105 855 1148 tempus
877 1090 1143 1131 transmittere
1167 1090 1217 1128 est
1241 1088 1398 1129 necesse
1421 1093 1487 1138 (m
1504 1093 1542 1137 ):
1576 1103 1638 1129 aut
1661 1105 1763 1143 quo-

105 1151 180 1192 ties
203 1151 312 1192 idern
330 1150 466 1208 pulmo
490 1151 613 1202 magis
647 1149 860 1190 transeunti
881 1148 1058 1202 sanguini
1088 1147 1224 1189 resistit
1250 1152 1356 1196 (n):
1390 1162 1453 1189 aut
1481 1148 1639 1202 quando
1671 1148 1762 1190 vitae

105 1210 238 1251 officia
259 1210 448 1266 poscunt,
480 1224 523 1251 ut
546 1225 663 1264 quam
685 1206 874 1266 plurimus
896 1207 1045 1262 sanguis
1067 1207 1117 1248 ad
1157 1222 1227 1248 cor
1259 1206 1434 1247 confluat
1469 1211 1517 1255 (o
1532 1211 1560 1254 ).
1590 1207 1762 1261 Quories

105 1267 232 1324 aliqua
252 1268 391 1310 harum
421 1268 702 1310 conditionum
722 1282 819 1308 nata
841 1269 890 1308 est
907 1294 918 1313 ,
952 1283 1001 1309 ex
1035 1267 1119 1326 ipso
1151 1265 1366 1308 voluntatis
1390 1264 1561 1322 imperio
1591 1265 1762 1319 conjun—

105 1327 208 1381 gitur
242 1327 420 1368 efficacia
445 1327 706 1369 musculorum
722 1352 733 1370 ³
768 1326 834 1381 qui
856 1327 1072 1384 superiores
1096 1327 1219 1367 costas
1247 1329 1328 1380 (p)
1349 1352 1360 1371 ,
1383 1324 1450 1378 qui
1473 1323 1683 1365 claviculas
1698 1325 1761 1365 de-

106 1402 216 1427 mum
234 1390 248 1434 (
265 1403 286 1442 q
303 1391 318 1434 )
335 1412 346 1432 2
371 1391 412 1427 ὃς
429 1385 601 1443 scapulas
643 1386 776 1426 levant
816 1390 829 1433 (
849 1401 869 1426 r
887 1391 915 1434 ).
931 1385 967 1425 Ii
989 1386 1097 1426 enim
1116 1383 1282 1425 musculi
1296 1386 1486 1440 punfilum
1505 1382 1635 1423 stabile
1651 1384 1760 1441 septo

106 1446 283 1501 praestant
296 1472 308 1491 >
330 1459 372 1485 ut
406 1444 503 1486 totis
522 1444 670 1486 viribus
694 1443 874 1485 deorsum
906 1443 1024 1491 duci,
1063 1449 1104 1485 ὅ(
1126 1442 1299 1499 ρςξὶοτὶε
1321 1441 1618 1494 longitudinem
1642 1458 1758 1497 quam

105 1502 279 1545 maxime
302 1517 442 1555 augere
473 1503 584 1560 poffit
602 1530 613 1548 ,
647 1517 775 1556 neque
798 1505 919 1543 costas
955 1517 1091 1544 tamen
1121 1502 1330 1543 contrahat
1361 1506 1404 1550 (s
1423 1505 1450 1548 ).
1484 1500 1615 1541 Iidem
1638 1504 1759 1543 costas

106 1561 262 1604 elevant
275 1590 287 1609 ,
314 1563 501 1604 haetenus
518 1560 826 1603 intercostalium
849 1561 1120 1604 musculorum
1138 1560 1344 1602 auxiliares
1366 1587 1377 1605 ,
1397 1564 1438 1601 &
1463 1559 1624 1601 demum
1637 1587 1647 1605 ,
1666 1561 1759 1601 dum

1619 1620 1758 1676 supre-

146 1734 206 1775 (ε)
227 1747 254 1775 p·
282 1744 330 1772 24·

143 1775 213 1854 gh)
235 1787 266 1821 p.⁸
284 1785 332 1814 25.

169 1817 204 1857 ι)
225 1817 298 1846 Ibid.

145 1855 214 1898 (k)
237 1859 311 1885 Dan.
332 1857 562 1885 Bnnnoutm
588 1857 620 1885 de
640 1858 731 1897 respir.
757 1865 782 1887 c.
806 1864 835 1892 4.
857 1868 883 1887 n.
907 1864 933 1894 3.

145 1896 198 1937 (l)
220 1898 428 1942 Bonntnus
451 1899 552 1936 propos
577 1899 626 1936 85.
650 1899 753 1942 ἀεὶ-90.
790 1899 1002 1926 Eurinus
1022 1904 1085 1941 ante
1106 1896 1125 1925 1.
1142 1897 1173 1925 cie
1200 1897 1272 1925 urin.
1301 1894 1337 1926 ἕν
1364 1897 1433 1937 1²¹⁴!ss
1455 1898 1574 1927 Lemma
1598 1899 1621 1927 Ι.
1643 1899 1754 1926 Havers

103 1936 138 2006 g
148 1937 426 2006 'thernboriaetszmdigi‘iem
463 1938 499 2005 fit!
512 1945 551 1964 ιΝ
565 1945 666 1966 stow
690 1948 719 1966 m
747 1945 865 1976 utroque
879 1946 1082 1968 commentario
1103 1945 1178 1974 1720
1205 1938 1237 1966 ὃς
1254 1937 1340 1975 1738.
1367 1938 1494 1976 equidem
1515 1937 1648 1973 brevior,
1671 1947 1753 1976 quam

133 1988 150 2006 n
163 1988 180 2007 ι
230 1987 248 2007 v
261 1987 272 2005 t
419 1987 464 2006 ma
488 1986 526 2005 es.

168 2029 194 2047 m
236 2027 264 2046 Π.
289 2024 333 2045 11.

144 2015 215 2135 {ng
230 2056 269 2086 ib.

169 2099 206 2138 ο)
229 2097 266 2127 ib.

143 2137 296 2217 (p))Sedt.
320 2139 344 2168 1.
369 2150 396 2169 n.
423 2147 469 2175 ¹9·
497 2147 544 2167 ιο.
572 2147 620 2168 22.
642 2146 691 2176 ²3·
713 2144 761 2177 25.

145 2179 192 2217 (q
236 2187 263 2207 η.
293 2187 342 2208 21.

145 2219 212 2259 (r)
232 2227 259 2257 Ρ·
287 2218 335 2256 58·

165 2355 309 2402 Haller
331 2356 525 2416 Phystolog.
557 2360 682 2402 Tom.
708 2358 789 2401 III.
1270 2361 1351 2404 Hh
