1913 2610
215 171 300 208 234
618 152 750 198 LIB.
788 151 950 198 VIII.
1013 153 1476 201 RESPIRATIO.

214 247 288 288 crit
315 252 375 299 3⁰3.
433 247 536 289 Cum
562 262 743 303 praeterea
756 248 931 290 distantia
957 249 1089 291 media
1122 250 1207 291 offis
1226 250 1394 306 pe&oris
1416 265 1437 290 a
1455 250 1643 293 vertebris
1657 251 1702 295 stt
1720 269 1768 306 31
1793 254 1844 298 li-

214 322 373 348 nearum
401 310 479 362 (g)
497 333 508 351 ,
542 312 583 347 ὃ(
612 310 900 349 incrementum
939 307 1122 350 distantiae
1145 308 1286 365 pariter
1327 309 1488 350 duarum
1518 310 1709 354 linearum
1733 316 1811 364 (h)
1829 342 1841 362 ,

215 365 392 428 quaelibet
430 367 545 409 sefflo
581 366 754 408 thoracis
777 381 858 408 non
880 367 1098 423 inspirantis
1123 385 1194 425 pro
1227 367 1349 425 ellipsr
1376 368 1512 409 haberi
1541 371 1688 426 poterit
1709 398 1722 416 ‚
1772 388 1842 414 cu-

212 424 269 478 jus
285 425 400 466 altera
421 426 674 467 diameterest
689 426 758 466 lin.
796 440 888 467 102..
923 427 1040 468 altera
1063 444 1080 478 3
1097 442 1128 466 1.
1159 442 1272 482 atque
1294 427 1393 468 adeo
1423 443 1495 484 pro
1515 429 1666 470 circulo
1684 457 1695 476 ,
1734 430 1842 482 cujus

213 483 405 524 diameter
421 485 512 526 esset
532 485 719 526 linearum
745 492 813 536 56,
837 490 877 527 ὅ(
901 485 1008 538 cujus
1026 486 1123 526 adeo
1147 487 1312 527 ambitus
1339 488 1389 526 est
1412 493 1489 536 176
1516 487 1584 527 lin.
1608 493 1648 529 ὃς
1671 504 1756 530 area
1771 489 1842 531 lin.

213 549 339 593 2454.
370 544 567 586 Thoracis
590 559 709 590 vero,
746 543 852 597 cujus
877 548 987 586 cossae
1005 544 1229 590 elevantur,
1257 550 1298 586 ὅ(
1321 547 1452 602 Ρεξὶυε
1468 544 1637 592 latescit,
1663 548 1843 600 segmen-
1902 597 1904 600 y

213 615 251 641 ta
283 617 394 644 erunt
427 602 574 660 ellipses
589 629 600 647 ,
639 619 799 657 quarum
821 603 1012 645 diameter
1044 602 1167 656 major
1184 606 1234 644 est
1261 618 1342 653 104
1365 602 1435 643 lin.
1457 604 1587 645 minor
1609 621 1654 655 33
1681 606 1750 646 lin.
1783 623 1843 649 at-

213 674 288 714 que
311 662 410 702 adeo
440 662 601 717 aequales
633 662 814 709 circulis,
853 678 1019 718 quorum
1055 662 1246 703 diameter
1280 664 1330 703 est
1359 676 1460 719 pene
1484 670 1546 712 58.
1569 664 1734 706 ambitus
1760 672 1839 710 182

212 723 416 784 proxime,
440 737 525 762 area
545 736 640 763 vero
662 738 682 764 2
696 736 784 772 593.
817 722 941 773 major
967 721 1091 780 priori
1110 721 1227 763 lineis
1265 736 1358 772 129.
1403 721 1640 763 Differentia
1661 740 1754 777 ergo
1773 723 1838 764 in-

210 779 386 834 spirantis
421 780 615 828 thoracis,
639 781 745 836 quod
763 781 812 822 ad
840 784 959 823 costas
988 780 1179 837 pertinet,
1225 780 1274 822 ad
1311 779 1603 835 quiescentem,
1641 781 1683 822 in
1704 783 1839 838 quavis

210 836 381 879 sectione
405 856 454 880 10
483 841 564 881 fere
578 840 646 880 lin.
671 841 937 896 quadratarum
957 840 1043 881 erit.
1103 840 1228 881 Porro
1263 840 1383 879 sumta
1399 838 1648 891 longitudine
1669 841 1842 884 thoracis

211 897 343 938 media
363 898 456 955 poll.
479 905 498 940 8
520 901 597 940 five
618 899 808 941 linearum
826 906 881 952 96
908 914 1041 945 erunt,
1062 899 1090 940 fi
1109 898 1227 940 taleas
1252 898 1425 939 sumseris
1440 897 1531 940 altas
1544 914 1660 941 unam
1673 899 1840 946 lineam,

210 954 323 995 lineae
346 958 514 1014 pthoris
537 959 684 1000 cubicae
699 959 739 999 in
767 962 925 1017 pe&ore
943 959 1078 1014 quieto
1099 961 1334 1011 238544.&
1350 955 1392 997 in
1413 972 1462 998 eo
1475 986 1487 1004 ‚
1515 958 1622 1014 quod
1643 958 1843 1016 inspiravit
1891 984 1905 988 s

210 1022 393 1066 248423.
416 1022 456 1058 ὅς
481 1018 704 1059 differentia
719 1045 729 1064 ‚
761 1035 834 1074 qua
865 1019 1014 1075 superat
1051 1019 1183 1075 pectus
1200 1033 1220 1057 a
1242 1015 1354 1058 costis
1372 1016 1572 1058 dilatatum
1590 1043 1602 1064 ,
1644 1016 1836 1059 linearum

215 1086 288 1124 103
302 1089 367 1124 74.
387 1074 456 1116 lin.
476 1077 554 1119 five
577 1077 769 1135 pollicum
788 1077 1021 1120 cubicorum
1031 1077 1139 1134 supra
1165 1082 1200 1119 6.

270 1133 420 1176 Contra
442 1136 483 1177 in
514 1152 611 1178 cane
646 1136 866 1184 mediocri,
897 1135 1005 1190 cujus
1028 1135 1196 1193 pez-,ioris
1217 1133 1508 1188 longitudinem
1547 1133 1839 1189 maleneglexi

206 1189 378 1255 sumere,
421 1195 674 1252 diaphragma
706 1195 874 1236 omnino
905 1195 948 1236 in
967 1194 1263 1236 vehementiori
1284 1195 1538 1251 inspiratione
1567 1210 1636 1250 per
1657 1208 1734 1236 tres
1767 1208 1841 1235 un-

210 1264 290 1314 cias
321 1254 387 1301 (i)
411 1254 626 1295 descendit.
659 1255 781 1295 Nunc
804 1256 934 1311 pefius
954 1252 1130 1294 hominis
1151 1252 1269 1293 facile
1286 1252 1366 1306 ejus
1386 1252 1494 1293 canis
1513 1251 1670 1309 duplam
1692 1252 1841 1293 habue-

207 1323 259 1356 rit
279 1309 583 1363 longitudinem.
625 1314 668 1354 Si
689 1329 808 1370 porro
830 1311 1133 1369 diaphragmatis
1147 1311 1381 1352 diametrum
1398 1310 1588 1362 majorem
1609 1310 1751 1351 feceris
1772 1310 1842 1351 ite-

207 1383 292 1415 rum
314 1372 515 1414 unciarum
541 1376 631 1414 ocio
654 1388 745 1413 cum
779 1371 950 1416 semiffe,
974 1371 1173 1411 minorem
1194 1369 1338 1410 iterum
1358 1387 1406 1420 43
1425 1370 1493 1409 lin.
1507 1396 1518 1414 ,
1547 1368 1840 1421 longitudinem

207 1430 446 1474 anteriorem
474 1431 615 1473 decem
638 1431 864 1476 unciarum,
910 1429 1166 1487 posteriorem
1191 1429 1255 1470 sex
1276 1429 1501 1473 unciarum,
1540 1427 1718 1469 medium
1740 1427 1839 1468 adeo

211 1499 248 1534 8·
278 1509 368 1535 unc.
403 1492 476 1533 erit
505 1490 669 1547 ellipsis,
710 1506 782 1547 pro
805 1505 878 1544 qua
906 1489 1157 1544 diaphragma
1193 1502 1298 1528 nunc
1325 1487 1534 1532 habemus,
1569 1486 1612 1526 in
1645 1485 1839 1528 circulum

209 1565 449 1594 commutata
467 1551 653 1605 aequalem
678 1564 754 1600 341
769 1562 801 1598 ς.
822 1548 848 1589 l.
871 1553 912 1589 ὃ(
933 1547 1101 1588 solidum
1122 1545 1162 1586 in
1175 1545 1422 1586 altitudinem
1443 1545 1599 1586 ductum
1621 1545 1758 1598 absque
1782 1544 1839 1584 in-

208 1611 419 1668 spiratione
444 1616 625 1660 327840.
641 1608 667 1649 1.
684 1623 775 1648 cum
792 1605 1046 1663 inspiratione
1066 1618 1161 1645 vero
1183 1610 1234 1654 36
1256 1603 1373 1644 lineis
1393 1606 1545 1645 auctum
1559 1629 1570 1648 ,
1596 1603 1747 1644 valebit
1767 1601 1838 1643 lin.

207 1677 394 1722 450780.
417 1683 582 1724 quorum
603 1681 858 1708 numerorum
883 1664 1078 1706 diversitas
1108 1664 1158 1702 est
1191 1661 1383 1703 linearum
1413 1677 1593 1713 122940.
1642 1662 1720 1703 sive
1750 1661 1839 1717 pol-

207 1728 330 1769 licum
357 1729 591 1770 cubicorum
623 1740 725 1783 pene
750 1740 816 1775 71.
839 1721 1006 1779 decupla
1025 1721 1123 1763 adeo
1147 1720 1289 1777 prioris
1313 1720 1555 1761 differentiae.
1606 1719 1651 1760 Si
1671 1735 1766 1762 vero
1794 1720 1837 1760 in

207 1787 374 1828 homine
395 1785 646 1844 diaphragma
661 1783 745 1840 plus
767 1801 783 1834 3
814 1781 942 1823 unciis
960 1780 1196 1821 descendere
1213 1779 1407 1825 sumseris,
1440 1793 1482 1820 ut
1506 1777 1666 1834 quidem
1687 1793 1837 1834 aequum

209 1849 259 1888 est
279 1846 377 1887 sumi
414 1848 517 1894 (k),
560 1843 678 1884 etiam
701 1841 825 1896 major
847 1833 940 1882 αἱ(
955 1853 1023 1887 ea,
1063 1853 1146 1895 quae
1186 1853 1208 1878 a
1244 1837 1536 1895 diaphragmate
1556 1836 1704 1894 pendet
1720 1863 1732 1884 ,
1775 1837 1838 1878 di-

208 1902 356 1955 ltaatio.
1782 1941 1785 1943 ‚

266 1962 386 2005 Paulo
403 1963 511 2005 aliter
535 1959 674 2003 eadem
697 1957 900 2001 dimetitus
924 1956 986 1998 Cl.
1004 1956 1038 1997 B
1054 1971 1126 1997 01s
1139 1971 1153 1997 s
1169 1971 1184 1995 1
1197 1970 1218 1996 E
1231 1970 1257 1995 R
1280 1958 1354 2005 (l)
1375 1953 1490 1996 aliam
1510 1954 1708 1997 rationem
1729 1953 1835 1995 inve-

207 2022 276 2064 nit.
288 2022 460 2064 Peaoris
474 2020 722 2063 mediocrem
735 2017 992 2075 capacitatem
1005 2014 1229 2073 inspirando
1241 2013 1468 2069 adquisitam
1477 2013 1673 2054 aestimavit
1685 2010 1733 2052 acl
1746 2011 1836 2069 pol-

208 2079 304 2123 lices
328 2082 492 2125 cubicos
526 2095 598 2133 40.
615 2078 720 2134 [(ηι)
751 2076 964 2120 maximam
989 2074 1038 2117 ad
1061 2089 1159 2117 220.
1181 2073 1306 2115 sumto
1333 2087 1406 2128 pro
1425 2072 1600 2115 mensura
1619 2084 1707 2112 aere
1730 2096 1741 2116 ,
1768 2070 1835 2125 qui

1724 2128 1837 2188 inspi-

307 2217 320 2258 )
342 2219 414 2252 Ibid.
438 2231 464 2259 p.
485 2226 554 2257 214:

301 2260 314 2300 )
336 2272 363 2300 p.
381 2268 449 2296 217.

296 2302 308 2341 )
338 2303 408 2340 Exp.
425 2305 471 2338 50.
498 2306 545 2338 51·
567 2306 616 2338 52:

303 2342 316 2383 )
339 2340 411 2370 -Tozi
436 2339 554 2378 pectoris
568 2338 678 2368 cavitati
699 2337 846 2377 aequ’rparat
858 2338 903 2370 Cl.
925 2339 1088 2374 Bossia
1106 2333 1212 2377 phyfiol.
1228 2343 1255 2375 p.
1271 2335 1320 2373 96.

296 2382 310 2424 )
336 2383 379 2409 De
389 2381 478 2421 rejsjn'r.
498 2379 595 2419 difficil.
616 2390 642 2417 p.
658 2387 705 2414 24.
727 2385 776 2416 25.
1168 2376 1175 2379 ’

274 2424 326 2465 m)
352 2422 396 2452 Ex
412 2423 444 2457 ii}
463 2429 520 2459 quae
541 2418 630 2452 statim
646 2418 797 2459 sequentur.

248 2217 294 2298 ἕξ

248 2299 290 2421 {3

244 2423 260 2465 4

1901 1667 1913 1735 i}

1893 1738 1913 1802 4ἰ
