<?xml version="1.0" encoding="UTF-8"?>
<!DOCTYPE html PUBLIC "-//W3C//DTD XHTML 1.0 Transitional//EN"
    "http://www.w3.org/TR/xhtml1/DTD/xhtml1-transitional.dtd">
<html xmlns="http://www.w3.org/1999/xhtml" xml:lang="en" lang="en">
 <head>
  <title>
</title>
<meta http-equiv="Content-Type" content="text/html;charset=utf-8" />
  <meta name='ocr-system' content='tesseract 3.04.00' />
  <meta name='ocr-capabilities' content='ocr_page ocr_carea ocr_par ocr_line ocrx_word'/>
</head>
<body>
  <div class='ocr_page' id='page_1' title='image "./elementaphysiolo03hall_0075.png"; bbox 0 0 1965 2677; ppageno 0'>
   <div class='ocr_carea' id='block_1_1' title="bbox 454 149 1697 209">
    <p class='ocr_par' dir='ltr' id='par_1_1' title="bbox 454 149 1697 209">
     <span class='ocr_line' id='line_1_1' title="bbox 454 149 1697 209; baseline -0.005 -5"><span class='ocrx_word' id='word_1_1' title='bbox 454 149 1256 204; x_wconf 64' lang='lat' dir='ltr'><strong>SECTLTHORAX.</strong></span> <span class='ocrx_word' id='word_1_2' title='bbox 1641 154 1697 209; x_wconf 46' lang='grc' dir='ltr'><strong>ἐ’-ἱ</strong></span> 
     </span>
    </p>
   </div>
   <div class='ocr_carea' id='block_1_2' title="bbox 65 245 1718 1899">
    <p class='ocr_par' dir='ltr' id='par_1_2' title="bbox 65 245 1702 370">
     <span class='ocr_line' id='line_1_2' title="bbox 66 245 1702 311; baseline -0.005 -13"><span class='ocrx_word' id='word_1_3' title='bbox 66 257 146 298; x_wconf 90' lang='lat' dir='ltr'><strong>rior</strong></span> <span class='ocrx_word' id='word_1_4' title='bbox 180 253 360 311; x_wconf 81' lang='lat' dir='ltr'><strong>superstes</strong></span> <span class='ocrx_word' id='word_1_5' title='bbox 393 252 450 294; x_wconf 88' lang='lat' dir='ltr'><strong>fit.</strong></span> <span class='ocrx_word' id='word_1_6' title='bbox 501 253 650 295; x_wconf 75' lang='lat' dir='ltr'><strong>Rectus</strong></span> <span class='ocrx_word' id='word_1_7' title='bbox 683 265 814 294; x_wconf 87' lang='lat' dir='ltr'><strong>autem</strong></span> <span class='ocrx_word' id='word_1_8' title='bbox 836 248 1027 294; x_wconf 86' lang='lat' dir='ltr'><strong>musculus</strong></span> <span class='ocrx_word' id='word_1_9' title='bbox 1061 249 1282 308; x_wconf 86' lang='lat' dir='ltr'><strong>peritonaeo</strong></span> <span class='ocrx_word' id='word_1_10' title='bbox 1319 245 1518 288; x_wconf 86' lang='lat' dir='ltr'>incumbit</span> <span class='ocrx_word' id='word_1_11' title='bbox 1540 250 1638 303; x_wconf 83' lang='lat' dir='ltr'><em>(y),</em></span> <span class='ocrx_word' id='word_1_12' title='bbox 1659 260 1702 290; x_wconf 89' lang='lat' dir='ltr'><strong>ut</strong></span> 
     </span>
     <span class='ocr_line' id='line_1_3' title="bbox 65 314 431 370; baseline -0.014 -13"><span class='ocrx_word' id='word_1_13' title='bbox 65 314 159 357; x_wconf 84' lang='lat' dir='ltr'><strong>alibi</strong></span> <span class='ocrx_word' id='word_1_14' title='bbox 197 327 431 370; x_wconf 84' lang='lat' dir='ltr'><strong>repetemus.</strong></span> 
     </span>
    </p>

    <p class='ocr_par' dir='ltr' id='par_1_3' title="bbox 66 363 1705 662">
     <span class='ocr_line' id='line_1_4' title="bbox 124 363 1701 428; baseline -0.006 -13"><span class='ocrx_word' id='word_1_15' title='bbox 124 371 252 426; x_wconf 87' lang='lat' dir='ltr'><strong>Hujus</strong></span> <span class='ocrx_word' id='word_1_16' title='bbox 269 369 625 428; x_wconf 76' lang='lat' dir='ltr'><strong>inferioris&#39;partis,</strong></span> <span class='ocrx_word' id='word_1_17' title='bbox 645 368 907 426; x_wconf 84' lang='lat' dir='ltr'><strong>simplicisque</strong></span> <span class='ocrx_word' id='word_1_18' title='bbox 927 366 1084 410; x_wconf 86' lang='lat' dir='ltr'><strong>musculi</strong></span> <span class='ocrx_word' id='word_1_19' title='bbox 1105 366 1267 422; x_wconf 84' lang='lat' dir='ltr'><strong>oblique</strong></span> <span class='ocrx_word' id='word_1_20' title='bbox 1288 363 1562 407; x_wconf 80' lang='lat' dir='ltr'><strong>adscendentis</strong></span> <span class='ocrx_word' id='word_1_21' title='bbox 1575 392 1586 412; x_wconf 85' lang='grc'>,</span> <span class='ocrx_word' id='word_1_22' title='bbox 1610 365 1701 410; x_wconf 78' lang='lat' dir='ltr'><strong>imae</strong></span> 
     </span>
     <span class='ocr_line' id='line_1_5' title="bbox 66 422 1703 488; baseline -0.005 -13"><span class='ocrx_word' id='word_1_23' title='bbox 66 432 174 475; x_wconf 84' lang='lat' dir='ltr'><strong>fibrae</strong></span> <span class='ocrx_word' id='word_1_24' title='bbox 197 432 238 472; x_wconf 89' lang='lat' dir='ltr'><strong>in</strong></span> <span class='ocrx_word' id='word_1_25' title='bbox 262 429 506 472; x_wconf 85' lang='lat' dir='ltr'><strong>tuberculum</strong></span> <span class='ocrx_word' id='word_1_26' title='bbox 523 430 610 470; x_wconf 83' lang='lat' dir='ltr'><strong>offis</strong></span> <span class='ocrx_word' id='word_1_27' title='bbox 628 429 739 488; x_wconf 83' lang='lat' dir='ltr'>pubis</span> <span class='ocrx_word' id='word_1_28' title='bbox 772 433 848 479; x_wconf 79' lang='lat' dir='ltr'><strong>(z)</strong></span> <span class='ocrx_word' id='word_1_29' title='bbox 864 456 874 475; x_wconf 84' lang='grc'>,</span> <span class='ocrx_word' id='word_1_30' title='bbox 898 429 1017 483; x_wconf 89' lang='lat' dir='ltr'><strong>inque</strong></span> <span class='ocrx_word' id='word_1_31' title='bbox 1035 426 1280 468; x_wconf 82' lang='lat' dir='ltr'><strong>eminentem</strong></span> <span class='ocrx_word' id='word_1_32' title='bbox 1301 422 1396 465; x_wconf 91' lang='lat' dir='ltr'><strong>inde</strong></span> <span class='ocrx_word' id='word_1_33' title='bbox 1416 425 1543 466; x_wconf 86' lang='lat' dir='ltr'><strong>versus</strong></span> <span class='ocrx_word' id='word_1_34' title='bbox 1565 424 1703 466; x_wconf 81' lang='lat' dir='ltr'><strong>ostium</strong></span> 
     </span>
     <span class='ocr_line' id='line_1_6' title="bbox 68 482 1704 549; baseline -0.006 -16"><span class='ocrx_word' id='word_1_35' title='bbox 68 492 237 549; x_wconf 78' lang='lat' dir='ltr'><strong>asperam</strong></span> <span class='ocrx_word' id='word_1_36' title='bbox 256 488 399 530; x_wconf 83' lang='lat' dir='ltr'><strong>lineam</strong></span> <span class='ocrx_word' id='word_1_37' title='bbox 413 517 425 535; x_wconf 83' lang='grc'>,</span> <span class='ocrx_word' id='word_1_38' title='bbox 449 494 490 531; x_wconf 85' lang='lat'>&amp;</span> <span class='ocrx_word' id='word_1_39' title='bbox 509 488 551 529; x_wconf 87' lang='lat' dir='ltr'><strong>in</strong></span> <span class='ocrx_word' id='word_1_40' title='bbox 566 488 882 546; x_wconf 86' lang='lat' dir='ltr'><strong>synchondrosm</strong></span> <span class='ocrx_word' id='word_1_41' title='bbox 898 488 985 531; x_wconf 84' lang='lat' dir='ltr'><strong>offis</strong></span> <span class='ocrx_word' id='word_1_42' title='bbox 1003 485 1115 544; x_wconf 82' lang='lat' dir='ltr'>pubis</span> <span class='ocrx_word' id='word_1_43' title='bbox 1134 484 1392 527; x_wconf 79' lang='lat' dir='ltr'><strong>terminantur</strong></span> <span class='ocrx_word' id='word_1_44' title='bbox 1410 512 1423 530; x_wconf 90' lang='lat'>‚</span> <span class='ocrx_word' id='word_1_45' title='bbox 1453 484 1561 541; x_wconf 89' lang='lat' dir='ltr'><strong>supra</strong></span> <span class='ocrx_word' id='word_1_46' title='bbox 1582 482 1704 525; x_wconf 87' lang='lat' dir='ltr'><strong>finem</strong></span> 
     </span>
     <span class='ocr_line' id='line_1_7' title="bbox 66 540 1705 602; baseline -0.004 -10"><span class='ocrx_word' id='word_1_47' title='bbox 66 548 227 592; x_wconf 86' lang='lat' dir='ltr'><strong>musculi</strong></span> <span class='ocrx_word' id='word_1_48' title='bbox 251 547 408 602; x_wconf 79' lang='lat' dir='ltr'><strong>oblique</strong></span> <span class='ocrx_word' id='word_1_49' title='bbox 436 548 725 590; x_wconf 82' lang='lat' dir='ltr'><strong>descendentis.</strong></span> <span class='ocrx_word' id='word_1_50' title='bbox 759 547 817 588; x_wconf 90' lang='lat' dir='ltr'><strong>Ea</strong></span> <span class='ocrx_word' id='word_1_51' title='bbox 837 547 926 587; x_wconf 89' lang='lat' dir='ltr'><strong>sede</strong></span> <span class='ocrx_word' id='word_1_52' title='bbox 949 562 969 588; x_wconf 91' lang='lat' dir='ltr'><strong>a</strong></span> <span class='ocrx_word' id='word_1_53' title='bbox 992 545 1202 587; x_wconf 87' lang='lat' dir='ltr'><strong>transverso</strong></span> <span class='ocrx_word' id='word_1_54' title='bbox 1220 540 1393 585; x_wconf 90' lang='lat' dir='ltr'><strong>musculo</strong></span> <span class='ocrx_word' id='word_1_55' title='bbox 1423 542 1472 584; x_wconf 88' lang='lat' dir='ltr'><strong>ad</strong></span> <span class='ocrx_word' id='word_1_56' title='bbox 1501 541 1705 598; x_wconf 86' lang='lat' dir='ltr'><strong>obliquum</strong></span> 
     </span>
     <span class='ocr_line' id='line_1_8' title="bbox 66 604 1691 662; baseline -0.003 -12"><span class='ocrx_word' id='word_1_57' title='bbox 66 607 292 650; x_wconf 81' lang='lat' dir='ltr'><strong>fasciculum</strong></span> <span class='ocrx_word' id='word_1_58' title='bbox 315 606 424 648; x_wconf 86' lang='lat' dir='ltr'><strong>ivisse</strong></span> <span class='ocrx_word' id='word_1_59' title='bbox 444 607 531 649; x_wconf 87' lang='lat' dir='ltr'><strong>vidi</strong></span> <span class='ocrx_word' id='word_1_60' title='bbox 547 635 558 653; x_wconf 85' lang='grc'>,</span> <span class='ocrx_word' id='word_1_61' title='bbox 590 623 667 649; x_wconf 81' lang='lat' dir='ltr'><strong>una</strong></span> <span class='ocrx_word' id='word_1_62' title='bbox 687 607 871 648; x_wconf 86' lang='lat' dir='ltr'><strong>insertum</strong></span> <span class='ocrx_word' id='word_1_63' title='bbox 894 606 935 646; x_wconf 90' lang='lat' dir='ltr'><strong>in</strong></span> <span class='ocrx_word' id='word_1_64' title='bbox 954 621 998 647; x_wconf 89' lang='lat' dir='ltr'><strong>os</strong></span> <span class='ocrx_word' id='word_1_65' title='bbox 1018 604 1143 662; x_wconf 86' lang='lat' dir='ltr'><strong>pubis.</strong></span> <span class='ocrx_word' id='word_1_66' title='bbox 1689 638 1691 645; x_wconf 88' lang='grc'><em>,</em></span> 
     </span>
    </p>

    <p class='ocr_par' dir='ltr' id='par_1_4' title="bbox 65 660 1712 1196">
     <span class='ocr_line' id='line_1_9' title="bbox 124 660 1705 724; baseline -0.004 -16"><span class='ocrx_word' id='word_1_67' title='bbox 124 667 192 708; x_wconf 90' lang='lat' dir='ltr'><strong>Ad</strong></span> <span class='ocrx_word' id='word_1_68' title='bbox 210 665 369 708; x_wconf 87' lang='lat' dir='ltr'><strong>anulum</strong></span> <span class='ocrx_word' id='word_1_69' title='bbox 388 667 566 708; x_wconf 86' lang='lat' dir='ltr'><strong>vasorum</strong></span> <span class='ocrx_word' id='word_1_70' title='bbox 591 665 914 724; x_wconf 84' lang='lat' dir='ltr'><strong>spermaticorum</strong></span> <span class='ocrx_word' id='word_1_71' title='bbox 943 665 1045 706; x_wconf 87' lang='lat' dir='ltr'><strong>nihil</strong></span> <span class='ocrx_word' id='word_1_72' title='bbox 1069 662 1284 719; x_wconf 83' lang='lat' dir='ltr'><strong>quidquam</strong></span> <span class='ocrx_word' id='word_1_73' title='bbox 1314 660 1503 703; x_wconf 82' lang='lat' dir='ltr'><strong>conferre</strong></span> <span class='ocrx_word' id='word_1_74' title='bbox 1523 660 1705 718; x_wconf 86' lang='lat' dir='ltr'><strong>reperio,</strong></span> 
     </span>
     <span class='ocr_line' id='line_1_10' title="bbox 68 719 1707 783; baseline -0.004 -16"><span class='ocrx_word' id='word_1_75' title='bbox 68 741 159 767; x_wconf 90' lang='lat' dir='ltr'><strong>cum</strong></span> <span class='ocrx_word' id='word_1_76' title='bbox 184 726 289 783; x_wconf 81' lang='lat' dir='ltr'><strong>prius</strong></span> <span class='ocrx_word' id='word_1_77' title='bbox 318 725 398 778; x_wconf 85' lang='lat' dir='ltr'><strong>ejus</strong></span> <span class='ocrx_word' id='word_1_78' title='bbox 432 741 499 766; x_wconf 84' lang='lat' dir='ltr'><strong>ora</strong></span> <span class='ocrx_word' id='word_1_79' title='bbox 529 725 695 766; x_wconf 87' lang='lat' dir='ltr'><strong>inferior</strong></span> <span class='ocrx_word' id='word_1_80' title='bbox 729 725 984 771; x_wconf 77' lang='lat' dir='ltr'><strong>terminetur,</strong></span> <span class='ocrx_word' id='word_1_81' title='bbox 1018 739 1131 780; x_wconf 80' lang='lat' dir='ltr'><strong>quam</strong></span> <span class='ocrx_word' id='word_1_82' title='bbox 1162 724 1247 764; x_wconf 85' lang='lat' dir='ltr'><strong>vasa</strong></span> <span class='ocrx_word' id='word_1_83' title='bbox 1284 720 1500 766; x_wconf 78' lang='lat' dir='ltr'><strong>accedant,</strong></span> <span class='ocrx_word' id='word_1_84' title='bbox 1536 735 1620 775; x_wconf 76' lang='lat' dir='ltr'><strong>quae</strong></span> <span class='ocrx_word' id='word_1_85' title='bbox 1643 719 1707 760; x_wconf 88' lang='lat' dir='ltr'><strong>in-</strong></span> 
     </span>
     <span class='ocr_line' id='line_1_11' title="bbox 65 779 1708 842; baseline -0.002 -18"><span class='ocrx_word' id='word_1_86' title='bbox 65 785 123 826; x_wconf 85' lang='lat' dir='ltr'><strong>fra</strong></span> <span class='ocrx_word' id='word_1_87' title='bbox 154 790 231 833; x_wconf 83' lang='lat' dir='ltr'><strong>(a)</strong></span> <span class='ocrx_word' id='word_1_88' title='bbox 271 800 360 825; x_wconf 87' lang='lat' dir='ltr'><strong>eum</strong></span> <span class='ocrx_word' id='word_1_89' title='bbox 395 784 608 826; x_wconf 86' lang='lat' dir='ltr'><strong>musculum</strong></span> <span class='ocrx_word' id='word_1_90' title='bbox 653 789 694 826; x_wconf 80' lang='lat'>&amp;</span> <span class='ocrx_word' id='word_1_91' title='bbox 721 785 828 842; x_wconf 85' lang='lat' dir='ltr'><strong>supra</strong></span> <span class='ocrx_word' id='word_1_92' title='bbox 867 799 912 825; x_wconf 89' lang='lat' dir='ltr'><strong>os</strong></span> <span class='ocrx_word' id='word_1_93' title='bbox 946 783 1059 824; x_wconf 87' lang='lat' dir='ltr'><strong>ilium</strong></span> <span class='ocrx_word' id='word_1_94' title='bbox 1091 781 1345 822; x_wconf 88' lang='lat' dir='ltr'><strong>descendunt.</strong></span> <span class='ocrx_word' id='word_1_95' title='bbox 1421 779 1708 821; x_wconf 87' lang='lat' dir='ltr'><strong>Cremasterem</strong></span> 
     </span>
     <span class='ocr_line' id='line_1_12' title="bbox 67 838 1710 900; baseline -0.004 -16"><span class='ocrx_word' id='word_1_96' title='bbox 67 843 202 899; x_wconf 87' lang='lat' dir='ltr'><strong>utique</strong></span> <span class='ocrx_word' id='word_1_97' title='bbox 235 843 447 884; x_wconf 85' lang='lat' dir='ltr'><strong>musculum</strong></span> <span class='ocrx_word' id='word_1_98' title='bbox 474 845 652 885; x_wconf 85' lang='lat' dir='ltr'><strong>vasorum</strong></span> <span class='ocrx_word' id='word_1_99' title='bbox 686 842 1011 900; x_wconf 86' lang='lat' dir='ltr'><strong>spermaticorum</strong></span> <span class='ocrx_word' id='word_1_100' title='bbox 1062 840 1256 882; x_wconf 89' lang='lat' dir='ltr'><strong>comitem</strong></span> <span class='ocrx_word' id='word_1_101' title='bbox 1294 838 1377 880; x_wconf 89' lang='lat' dir='ltr'><strong>edit</strong></span> <span class='ocrx_word' id='word_1_102' title='bbox 1393 864 1404 884; x_wconf 85' lang='lat'>‚</span> <span class='ocrx_word' id='word_1_103' title='bbox 1452 843 1493 879; x_wconf 78' lang='grc' dir='ltr'><strong>ὃ(</strong></span> <span class='ocrx_word' id='word_1_104' title='bbox 1528 852 1710 878; x_wconf 91' lang='lat' dir='ltr'><strong>nonnun-</strong></span> 
     </span>
     <span class='ocr_line' id='line_1_13' title="bbox 68 894 1708 957; baseline -0.004 -13"><span class='ocrx_word' id='word_1_105' title='bbox 68 918 183 956; x_wconf 84' lang='lat' dir='ltr'><strong>quam</strong></span> <span class='ocrx_word' id='word_1_106' title='bbox 207 917 380 945; x_wconf 83' lang='lat' dir='ltr'><strong>erroneae</strong></span> <span class='ocrx_word' id='word_1_107' title='bbox 402 901 538 957; x_wconf 86' lang='lat' dir='ltr'><strong>aliquae</strong></span> <span class='ocrx_word' id='word_1_108' title='bbox 559 902 663 944; x_wconf 88' lang='lat' dir='ltr'><strong>fibrae</strong></span> <span class='ocrx_word' id='word_1_109' title='bbox 684 903 747 944; x_wconf 85' lang='lat' dir='ltr'><strong>sub</strong></span> <span class='ocrx_word' id='word_1_110' title='bbox 770 901 947 943; x_wconf 87' lang='lat' dir='ltr'><strong>funiculo</strong></span> <span class='ocrx_word' id='word_1_111' title='bbox 977 899 1154 941; x_wconf 86' lang='lat' dir='ltr'><strong>seminali</strong></span> <span class='ocrx_word' id='word_1_112' title='bbox 1179 898 1473 940; x_wconf 83' lang='lat' dir='ltr'><strong>continuantur.</strong></span> <span class='ocrx_word' id='word_1_113' title='bbox 1504 897 1580 938; x_wconf 81' lang='lat' dir='ltr'><strong>Hae</strong></span> <span class='ocrx_word' id='word_1_114' title='bbox 1602 894 1708 938; x_wconf 83' lang='lat' dir='ltr'><strong>fibrae</strong></span> 
     </span>
     <span class='ocr_line' id='line_1_14' title="bbox 67 953 1711 1019; baseline -0.005 -17"><span class='ocrx_word' id='word_1_115' title='bbox 67 962 250 1003; x_wconf 87' lang='lat' dir='ltr'><strong>fecerunt</strong></span> <span class='ocrx_word' id='word_1_116' title='bbox 271 961 531 1019; x_wconf 85' lang='lat' dir='ltr'><strong>proculdubio</strong></span> <span class='ocrx_word' id='word_1_117' title='bbox 546 990 557 1010; x_wconf 86' lang='lat'><strong><em>,</em></strong></span> <span class='ocrx_word' id='word_1_118' title='bbox 579 977 622 1003; x_wconf 92' lang='lat' dir='ltr'><strong>ut</strong></span> <span class='ocrx_word' id='word_1_119' title='bbox 650 961 713 1002; x_wconf 82' lang='lat' dir='ltr'><strong>Cl.</strong></span> <span class='ocrx_word' id='word_1_120' title='bbox 729 959 808 1003; x_wconf 85' lang='lat' dir='ltr'><strong>viri</strong></span> <span class='ocrx_word' id='word_1_121' title='bbox 824 961 943 1003; x_wconf 85' lang='lat' dir='ltr'><strong>etiam</strong></span> <span class='ocrx_word' id='word_1_122' title='bbox 962 961 1085 1018; x_wconf 90' lang='lat' dir='ltr'><strong>ipsum</strong></span> <span class='ocrx_word' id='word_1_123' title='bbox 1111 956 1332 999; x_wconf 86' lang='lat' dir='ltr'><strong>funiculum</strong></span> <span class='ocrx_word' id='word_1_124' title='bbox 1354 956 1455 997; x_wconf 91' lang='lat' dir='ltr'><strong>infra</strong></span> <span class='ocrx_word' id='word_1_125' title='bbox 1475 956 1584 997; x_wconf 89' lang='lat' dir='ltr'><strong>hunc</strong></span> <span class='ocrx_word' id='word_1_126' title='bbox 1606 953 1711 995; x_wconf 84' lang='lat' dir='ltr'><strong>obli-</strong></span> 
     </span>
     <span class='ocr_line' id='line_1_15' title="bbox 69 1014 1711 1078; baseline -0.004 -17"><span class='ocrx_word' id='word_1_127' title='bbox 69 1036 188 1075; x_wconf 90' lang='lat' dir='ltr'><strong>quum</strong></span> <span class='ocrx_word' id='word_1_128' title='bbox 212 1020 424 1062; x_wconf 87' lang='lat' dir='ltr'><strong>musculum</strong></span> <span class='ocrx_word' id='word_1_129' title='bbox 454 1021 664 1062; x_wconf 83' lang='lat' dir='ltr'><strong>eduxerint</strong></span> <span class='ocrx_word' id='word_1_130' title='bbox 687 1023 736 1070; x_wconf 81' lang='lat' dir='ltr'><strong>(b</strong></span> <span class='ocrx_word' id='word_1_131' title='bbox 754 1025 768 1068; x_wconf 92' lang='lat'>)</span> <span class='ocrx_word' id='word_1_132' title='bbox 785 1047 796 1066; x_wconf 86' lang='lat'><em>,</em></span> <span class='ocrx_word' id='word_1_133' title='bbox 830 1033 1060 1078; x_wconf 87' lang='lat' dir='ltr'><strong>partemque</strong></span> <span class='ocrx_word' id='word_1_134' title='bbox 1082 1016 1187 1059; x_wconf 88' lang='lat' dir='ltr'><strong>anuli</strong></span> <span class='ocrx_word' id='word_1_135' title='bbox 1208 1014 1431 1074; x_wconf 88' lang='lat' dir='ltr'><strong>spermatici</strong></span> <span class='ocrx_word' id='word_1_136' title='bbox 1454 1014 1502 1056; x_wconf 87' lang='lat' dir='ltr'><strong>ad</strong></span> <span class='ocrx_word' id='word_1_137' title='bbox 1525 1029 1616 1055; x_wconf 87' lang='lat' dir='ltr'><strong>eum</strong></span> <span class='ocrx_word' id='word_1_138' title='bbox 1647 1028 1711 1054; x_wconf 88' lang='lat' dir='ltr'><strong>re-</strong></span> 
     </span>
     <span class='ocr_line' id='line_1_16' title="bbox 67 1071 1712 1135; baseline -0.004 -16"><span class='ocrx_word' id='word_1_139' title='bbox 67 1078 242 1121; x_wconf 80' lang='lat' dir='ltr'><strong>tulerint.</strong></span> <span class='ocrx_word' id='word_1_140' title='bbox 272 1081 488 1135; x_wconf 83' lang='lat' dir='ltr'><strong>Utramque</strong></span> <span class='ocrx_word' id='word_1_141' title='bbox 509 1079 700 1122; x_wconf 79' lang='lat' dir='ltr'><strong>fabricam</strong></span> <span class='ocrx_word' id='word_1_142' title='bbox 718 1078 822 1121; x_wconf 86' lang='lat' dir='ltr'><strong>vidit</strong></span> <span class='ocrx_word' id='word_1_143' title='bbox 845 1080 882 1123; x_wconf 84' lang='lat' dir='ltr'><strong>J.</strong></span> <span class='ocrx_word' id='word_1_144' title='bbox 916 1079 962 1120; x_wconf 92' lang='lat' dir='ltr'><strong>B.</strong></span> <span class='ocrx_word' id='word_1_145' title='bbox 997 1081 1054 1123; x_wconf 79' lang='lat' dir='ltr'>W</span> <span class='ocrx_word' id='word_1_146' title='bbox 1070 1092 1084 1117; x_wconf 82' lang='lat'>1</span> <span class='ocrx_word' id='word_1_147' title='bbox 1098 1092 1122 1116; x_wconf 80' lang='lat' dir='ltr'>N</span> <span class='ocrx_word' id='word_1_148' title='bbox 1135 1093 1150 1117; x_wconf 91' lang='lat' dir='ltr'>s</span> <span class='ocrx_word' id='word_1_149' title='bbox 1166 1091 1188 1116; x_wconf 82' lang='lat'><strong>1.</strong></span> <span class='ocrx_word' id='word_1_150' title='bbox 1203 1093 1224 1116; x_wconf 94' lang='lat' dir='ltr'><strong>o</strong></span> <span class='ocrx_word' id='word_1_151' title='bbox 1237 1090 1278 1118; x_wconf 88' lang='lat' dir='ltr'>W</span> <span class='ocrx_word' id='word_1_152' title='bbox 1301 1079 1320 1124; x_wconf 83' lang='grc'>&lt;</span> <span class='ocrx_word' id='word_1_153' title='bbox 1332 1079 1378 1124; x_wconf 81' lang='lat' dir='ltr'><strong>c)</strong></span> <span class='ocrx_word' id='word_1_154' title='bbox 1391 1101 1402 1121; x_wconf 84' lang='grc'>,</span> <span class='ocrx_word' id='word_1_155' title='bbox 1441 1089 1516 1128; x_wconf 88' lang='lat' dir='ltr'><strong>ego</strong></span> <span class='ocrx_word' id='word_1_156' title='bbox 1548 1071 1712 1129; x_wconf 86' lang='lat' dir='ltr'><strong>quidem</strong></span> 
     </span>
     <span class='ocr_line' id='line_1_17' title="bbox 69 1138 511 1196; baseline 0.002 -17"><span class='ocrx_word' id='word_1_157' title='bbox 69 1139 289 1179; x_wconf 81' lang='lat' dir='ltr'><strong>constanter</strong></span> <span class='ocrx_word' id='word_1_158' title='bbox 323 1138 511 1196; x_wconf 85' lang='lat' dir='ltr'><strong>priorem.</strong></span> 
     </span>
    </p>

    <p class='ocr_par' dir='ltr' id='par_1_5' title="bbox 68 1190 1715 1548">
     <span class='ocr_line' id='line_1_18' title="bbox 129 1190 1713 1254; baseline -0.005 -17"><span class='ocrx_word' id='word_1_159' title='bbox 129 1195 277 1238; x_wconf 85' lang='lat' dir='ltr'><strong>Officia</strong></span> <span class='ocrx_word' id='word_1_160' title='bbox 291 1197 376 1237; x_wconf 90' lang='lat' dir='ltr'><strong>fere</strong></span> <span class='ocrx_word' id='word_1_161' title='bbox 392 1197 535 1254; x_wconf 85' lang='lat' dir='ltr'><strong>prioris</strong></span> <span class='ocrx_word' id='word_1_162' title='bbox 553 1196 694 1240; x_wconf 83' lang='lat' dir='ltr'><strong>fimilia</strong></span> <span class='ocrx_word' id='word_1_163' title='bbox 707 1197 846 1242; x_wconf 83' lang='lat' dir='ltr'><strong>habet,</strong></span> <span class='ocrx_word' id='word_1_164' title='bbox 870 1199 988 1239; x_wconf 81' lang='lat' dir='ltr'><strong>costas</strong></span> <span class='ocrx_word' id='word_1_165' title='bbox 1012 1196 1132 1238; x_wconf 82' lang='lat' dir='ltr'><strong>etiam</strong></span> <span class='ocrx_word' id='word_1_166' title='bbox 1153 1193 1377 1237; x_wconf 80' lang='lat' dir='ltr'><strong>evidentius</strong></span> <span class='ocrx_word' id='word_1_167' title='bbox 1400 1190 1588 1248; x_wconf 87' lang='lat' dir='ltr'><strong>deprimit</strong></span> <span class='ocrx_word' id='word_1_168' title='bbox 1601 1216 1613 1236; x_wconf 86' lang='lat'>‚</span> <span class='ocrx_word' id='word_1_169' title='bbox 1649 1204 1713 1230; x_wconf 90' lang='lat' dir='ltr'><strong>re-</strong></span> 
     </span>
     <span class='ocr_line' id='line_1_19' title="bbox 71 1248 1714 1310; baseline -0.005 -14"><span class='ocrx_word' id='word_1_170' title='bbox 71 1255 314 1310; x_wconf 86' lang='lat' dir='ltr'><strong>trorsumque</strong></span> <span class='ocrx_word' id='word_1_171' title='bbox 336 1256 447 1298; x_wconf 88' lang='lat' dir='ltr'><strong>ducit</strong></span> <span class='ocrx_word' id='word_1_172' title='bbox 469 1260 523 1307; x_wconf 84' lang='lat' dir='ltr'><strong>(d</strong></span> <span class='ocrx_word' id='word_1_173' title='bbox 532 1262 574 1306; x_wconf 76' lang='grc'><strong>),</strong></span> <span class='ocrx_word' id='word_1_174' title='bbox 613 1273 706 1298; x_wconf 91' lang='lat' dir='ltr'><strong>cum</strong></span> <span class='ocrx_word' id='word_1_175' title='bbox 733 1255 847 1298; x_wconf 83' lang='lat' dir='ltr'><strong>fibras</strong></span> <span class='ocrx_word' id='word_1_176' title='bbox 869 1256 1101 1298; x_wconf 84' lang='lat' dir='ltr'><strong>robustiores</strong></span> <span class='ocrx_word' id='word_1_177' title='bbox 1124 1255 1170 1297; x_wconf 86' lang='lat' dir='ltr'><strong>ab</strong></span> <span class='ocrx_word' id='word_1_178' title='bbox 1192 1252 1305 1295; x_wconf 89' lang='lat' dir='ltr'><strong>ilium</strong></span> <span class='ocrx_word' id='word_1_179' title='bbox 1330 1250 1409 1292; x_wconf 90' lang='lat' dir='ltr'><strong>osse</strong></span> <span class='ocrx_word' id='word_1_180' title='bbox 1431 1250 1473 1290; x_wconf 92' lang='lat' dir='ltr'><strong>in</strong></span> <span class='ocrx_word' id='word_1_181' title='bbox 1496 1251 1617 1291; x_wconf 88' lang='lat' dir='ltr'><strong>costas</strong></span> <span class='ocrx_word' id='word_1_182' title='bbox 1635 1248 1714 1288; x_wconf 89' lang='lat' dir='ltr'><strong>sur-</strong></span> 
     </span>
     <span class='ocr_line' id='line_1_20' title="bbox 68 1307 1715 1367; baseline -0.004 -13"><span class='ocrx_word' id='word_1_183' title='bbox 68 1314 150 1356; x_wconf 69' lang='lat' dir='ltr'><strong>tum</strong></span> <span class='ocrx_word' id='word_1_184' title='bbox 171 1315 337 1357; x_wconf 86' lang='lat' dir='ltr'><strong>emittat.</strong></span> <span class='ocrx_word' id='word_1_185' title='bbox 368 1314 517 1358; x_wconf 84' lang='lat' dir='ltr'><strong>Pariter</strong></span> <span class='ocrx_word' id='word_1_186' title='bbox 539 1316 737 1360; x_wconf 87' lang='lat' dir='ltr'><strong>abdomen</strong></span> <span class='ocrx_word' id='word_1_187' title='bbox 766 1315 946 1358; x_wconf 80' lang='lat' dir='ltr'><strong>eminens</strong></span> <span class='ocrx_word' id='word_1_188' title='bbox 974 1328 1114 1357; x_wconf 87' lang='lat' dir='ltr'><strong>contra</strong></span> <span class='ocrx_word' id='word_1_189' title='bbox 1133 1312 1330 1356; x_wconf 86' lang='lat' dir='ltr'><strong>vertebras</strong></span> <span class='ocrx_word' id='word_1_190' title='bbox 1358 1308 1538 1367; x_wconf 87' lang='lat' dir='ltr'><strong>reprimit</strong></span> <span class='ocrx_word' id='word_1_191' title='bbox 1555 1336 1566 1356; x_wconf 84' lang='grc'>,</span> <span class='ocrx_word' id='word_1_192' title='bbox 1594 1307 1715 1349; x_wconf 86' lang='lat' dir='ltr'><strong>etiam</strong></span> 
     </span>
     <span class='ocr_line' id='line_1_21' title="bbox 70 1366 1715 1428; baseline -0.004 -15"><span class='ocrx_word' id='word_1_193' title='bbox 70 1374 271 1428; x_wconf 85' lang='lat' dir='ltr'><strong>potentius</strong></span> <span class='ocrx_word' id='word_1_194' title='bbox 293 1375 345 1416; x_wconf 92' lang='lat' dir='ltr'><strong>ob</strong></span> <span class='ocrx_word' id='word_1_195' title='bbox 367 1375 566 1428; x_wconf 84' lang='lat' dir='ltr'><strong>originem</strong></span> <span class='ocrx_word' id='word_1_196' title='bbox 588 1392 609 1416; x_wconf 89' lang='lat' dir='ltr'><strong>a</strong></span> <span class='ocrx_word' id='word_1_197' title='bbox 637 1375 828 1417; x_wconf 85' lang='lat' dir='ltr'><strong>vertebris</strong></span> <span class='ocrx_word' id='word_1_198' title='bbox 858 1376 1041 1420; x_wconf 80' lang='lat' dir='ltr'><strong>sumram,</strong></span> <span class='ocrx_word' id='word_1_199' title='bbox 1079 1388 1193 1428; x_wconf 86' lang='lat' dir='ltr'><strong>atque</strong></span> <span class='ocrx_word' id='word_1_200' title='bbox 1217 1371 1316 1412; x_wconf 78' lang='lat' dir='ltr'><strong>adeo</strong></span> <span class='ocrx_word' id='word_1_201' title='bbox 1341 1366 1626 1425; x_wconf 84' lang='lat' dir='ltr'><strong>diaphragmati</strong></span> <span class='ocrx_word' id='word_1_202' title='bbox 1652 1380 1715 1406; x_wconf 89' lang='lat' dir='ltr'><strong>re-</strong></span> 
     </span>
     <span class='ocr_line' id='line_1_22' title="bbox 71 1423 1714 1489; baseline 0 -18"><span class='ocrx_word' id='word_1_203' title='bbox 71 1432 159 1472; x_wconf 81' lang='lat' dir='ltr'><strong>fistit</strong></span> <span class='ocrx_word' id='word_1_204' title='bbox 179 1459 191 1478; x_wconf 87' lang='grc'>,</span> <span class='ocrx_word' id='word_1_205' title='bbox 216 1433 323 1486; x_wconf 84' lang='lat' dir='ltr'><strong>quod</strong></span> <span class='ocrx_word' id='word_1_206' title='bbox 347 1433 544 1473; x_wconf 77' lang='lat' dir='ltr'><strong>abdomen</strong></span> <span class='ocrx_word' id='word_1_207' title='bbox 574 1433 781 1489; x_wconf 85' lang='lat' dir='ltr'><strong>expandit.</strong></span> <span class='ocrx_word' id='word_1_208' title='bbox 813 1433 985 1474; x_wconf 60' lang='lat' dir='ltr'><strong>Reclum</strong></span> <span class='ocrx_word' id='word_1_209' title='bbox 1007 1431 1219 1472; x_wconf 86' lang='lat' dir='ltr'><strong>musculum</strong></span> <span class='ocrx_word' id='word_1_210' title='bbox 1233 1455 1245 1475; x_wconf 86' lang='grc'>,</span> <span class='ocrx_word' id='word_1_211' title='bbox 1280 1427 1347 1482; x_wconf 87' lang='lat' dir='ltr'><strong>qui</strong></span> <span class='ocrx_word' id='word_1_212' title='bbox 1369 1426 1513 1479; x_wconf 88' lang='lat' dir='ltr'><strong>longus</strong></span> <span class='ocrx_word' id='word_1_213' title='bbox 1528 1428 1572 1468; x_wconf 89' lang='lat' dir='ltr'><strong>fit</strong></span> <span class='ocrx_word' id='word_1_214' title='bbox 1588 1452 1600 1471; x_wconf 79' lang='lat'>2</span> <span class='ocrx_word' id='word_1_215' title='bbox 1634 1423 1714 1466; x_wconf 87' lang='lat' dir='ltr'><strong>lato</strong></span> 
     </span>
     <span class='ocr_line' id='line_1_23' title="bbox 71 1490 667 1548; baseline 0 -18"><span class='ocrx_word' id='word_1_216' title='bbox 71 1504 234 1533; x_wconf 84' lang='lat' dir='ltr'><strong>coercet</strong></span> <span class='ocrx_word' id='word_1_217' title='bbox 254 1490 417 1530; x_wconf 84' lang='lat' dir='ltr'><strong>tendine</strong></span> <span class='ocrx_word' id='word_1_218' title='bbox 439 1496 480 1531; x_wconf 65' lang='grc' dir='ltr'><strong>ὃς</strong></span> <span class='ocrx_word' id='word_1_219' title='bbox 506 1491 667 1548; x_wconf 87' lang='lat' dir='ltr'><strong>duplici.</strong></span> 
     </span>
    </p>

    <p class='ocr_par' dir='ltr' id='par_1_6' title="bbox 131 1541 1615 1605">
     <span class='ocr_line' id='line_1_24' title="bbox 131 1541 1615 1605; baseline -0.006 -15"><span class='ocrx_word' id='word_1_220' title='bbox 131 1547 304 1604; x_wconf 80' lang='lat' dir='ltr'><strong>Reliqua</strong></span> <span class='ocrx_word' id='word_1_221' title='bbox 331 1548 485 1594; x_wconf 81' lang='lat' dir='ltr'><strong>officia,</strong></span> <span class='ocrx_word' id='word_1_222' title='bbox 513 1566 597 1605; x_wconf 82' lang='lat' dir='ltr'><strong>quae</strong></span> <span class='ocrx_word' id='word_1_223' title='bbox 623 1549 754 1590; x_wconf 84' lang='lat' dir='ltr'><strong>minus</strong></span> <span class='ocrx_word' id='word_1_224' title='bbox 776 1548 824 1589; x_wconf 85' lang='lat' dir='ltr'><strong>ad</strong></span> <span class='ocrx_word' id='word_1_225' title='bbox 846 1547 1142 1605; x_wconf 82' lang='lat' dir='ltr'><strong>respirationem</strong></span> <span class='ocrx_word' id='word_1_226' title='bbox 1158 1545 1304 1586; x_wconf 86' lang='lat' dir='ltr'><strong>faciant</strong></span> <span class='ocrx_word' id='word_1_227' title='bbox 1324 1568 1335 1588; x_wconf 84' lang='lat'><strong><em>&gt;</em></strong></span> <span class='ocrx_word' id='word_1_228' title='bbox 1361 1542 1430 1583; x_wconf 88' lang='lat' dir='ltr'><strong>hic</strong></span> <span class='ocrx_word' id='word_1_229' title='bbox 1456 1541 1615 1583; x_wconf 82' lang='lat' dir='ltr'><strong>omitto.</strong></span> 
     </span>
    </p>

    <p class='ocr_par' dir='ltr' id='par_1_7' title="bbox 72 1599 1718 1899">
     <span class='ocr_line' id='line_1_25' title="bbox 130 1599 1717 1665; baseline -0.005 -17"><span class='ocrx_word' id='word_1_230' title='bbox 130 1608 197 1648; x_wconf 91' lang='lat' dir='ltr'><strong>Ad</strong></span> <span class='ocrx_word' id='word_1_231' title='bbox 209 1608 414 1649; x_wconf 79' lang='lat' dir='ltr'><strong>varietates</strong></span> <span class='ocrx_word' id='word_1_232' title='bbox 424 1608 570 1649; x_wconf 76' lang='lat' dir='ltr'><strong>referre</strong></span> <span class='ocrx_word' id='word_1_233' title='bbox 581 1623 743 1665; x_wconf 87' lang='lat' dir='ltr'><strong>oportet</strong></span> <span class='ocrx_word' id='word_1_234' title='bbox 759 1606 970 1648; x_wconf 85' lang='lat' dir='ltr'><strong>musculum</strong></span> <span class='ocrx_word' id='word_1_235' title='bbox 983 1604 1220 1664; x_wconf 87' lang='lat' dir='ltr'><strong>peculiarem</strong></span> <span class='ocrx_word' id='word_1_236' title='bbox 1227 1603 1343 1649; x_wconf 72' lang='lat' dir='ltr'><strong>‚inter</strong></span> <span class='ocrx_word' id='word_1_237' title='bbox 1361 1602 1458 1643; x_wconf 84' lang='lat' dir='ltr'><strong>duos</strong></span> <span class='ocrx_word' id='word_1_238' title='bbox 1474 1599 1717 1642; x_wconf 86' lang='lat' dir='ltr'><strong>adscenden-</strong></span> 
     </span>
     <span class='ocr_line' id='line_1_26' title="bbox 72 1659 1718 1716; baseline -0.004 -11"><span class='ocrx_word' id='word_1_239' title='bbox 72 1677 131 1706; x_wconf 89' lang='lat' dir='ltr'><strong>tes</strong></span> <span class='ocrx_word' id='word_1_240' title='bbox 150 1671 204 1714; x_wconf 71' lang='grc' dir='ltr'><strong>(ε)</strong></span> <span class='ocrx_word' id='word_1_241' title='bbox 225 1666 414 1712; x_wconf 88' lang='lat' dir='ltr'><strong>medium,</strong></span> <span class='ocrx_word' id='word_1_242' title='bbox 432 1682 495 1707; x_wconf 87' lang='lat' dir='ltr'><strong>aut</strong></span> <span class='ocrx_word' id='word_1_243' title='bbox 509 1666 721 1708; x_wconf 86' lang='lat' dir='ltr'><strong>musculum</strong></span> <span class='ocrx_word' id='word_1_244' title='bbox 733 1666 834 1706; x_wconf 88' lang='lat' dir='ltr'><strong>inter</strong></span> <span class='ocrx_word' id='word_1_245' title='bbox 844 1666 1096 1707; x_wconf 83' lang='lat' dir='ltr'><strong>transversum</strong></span> <span class='ocrx_word' id='word_1_246' title='bbox 1109 1670 1150 1706; x_wconf 88' lang='lat'>&amp;</span> <span class='ocrx_word' id='word_1_247' title='bbox 1167 1662 1328 1716; x_wconf 87' lang='lat' dir='ltr'><strong>oblique</strong></span> <span class='ocrx_word' id='word_1_248' title='bbox 1342 1659 1648 1701; x_wconf 83' lang='lat' dir='ltr'><strong>adscendentem</strong></span> <span class='ocrx_word' id='word_1_249' title='bbox 1663 1673 1718 1698; x_wconf 77' lang='lat' dir='ltr'><strong>re-</strong></span> 
     </span>
     <span class='ocr_line' id='line_1_27' title="bbox 72 1716 1718 1782; baseline -0.004 -18"><span class='ocrx_word' id='word_1_250' title='bbox 72 1739 230 1782; x_wconf 86' lang='lat' dir='ltr'><strong>pertum</strong></span> <span class='ocrx_word' id='word_1_251' title='bbox 245 1750 257 1770; x_wconf 82' lang='lat'>‚</span> <span class='ocrx_word' id='word_1_252' title='bbox 280 1724 348 1780; x_wconf 87' lang='lat' dir='ltr'><strong>qui</strong></span> <span class='ocrx_word' id='word_1_253' title='bbox 369 1741 460 1766; x_wconf 88' lang='lat' dir='ltr'><strong>cum</strong></span> <span class='ocrx_word' id='word_1_254' title='bbox 483 1724 670 1782; x_wconf 56' lang='lat' dir='ltr'><strong>pectorali</strong></span> <span class='ocrx_word' id='word_1_255' title='bbox 705 1726 918 1766; x_wconf 72' lang='lat' dir='ltr'><strong>cohaereret</strong></span> <span class='ocrx_word' id='word_1_256' title='bbox 943 1729 1023 1776; x_wconf 79' lang='lat' dir='ltr'><strong>(f)</strong></span> <span class='ocrx_word' id='word_1_257' title='bbox 1038 1750 1049 1769; x_wconf 83' lang='lat'><em>‚</em></span> <span class='ocrx_word' id='word_1_258' title='bbox 1072 1721 1229 1779; x_wconf 87' lang='lat' dir='ltr'><strong>qualem</strong></span> <span class='ocrx_word' id='word_1_259' title='bbox 1261 1726 1303 1762; x_wconf 83' lang='lat'>&amp;</span> <span class='ocrx_word' id='word_1_260' title='bbox 1328 1720 1367 1760; x_wconf 93' lang='lat' dir='ltr'>G</span> <span class='ocrx_word' id='word_1_261' title='bbox 1382 1735 1406 1760; x_wconf 85' lang='lat' dir='ltr'>U</span> <span class='ocrx_word' id='word_1_262' title='bbox 1422 1734 1479 1759; x_wconf 71' lang='grc' dir='ltr'><strong>ΝΖ</strong></span> <span class='ocrx_word' id='word_1_263' title='bbox 1496 1733 1509 1757; x_wconf 88' lang='lat'>1</span> <span class='ocrx_word' id='word_1_264' title='bbox 1525 1732 1577 1760; x_wconf 79' lang='lat' dir='ltr'><strong>us</strong></span> <span class='ocrx_word' id='word_1_265' title='bbox 1614 1716 1718 1759; x_wconf 85' lang='lat' dir='ltr'><strong>vidit</strong></span> 
     </span>
     <span class='ocr_line' id='line_1_28' title="bbox 75 1774 1713 1838; baseline -0.005 -15"><span class='ocrx_word' id='word_1_266' title='bbox 75 1799 96 1823; x_wconf 85' lang='lat' dir='ltr'><strong>a</strong></span> <span class='ocrx_word' id='word_1_267' title='bbox 116 1782 333 1837; x_wconf 77' lang='lat' dir='ltr'><strong>ligamento</strong></span> <span class='ocrx_word' id='word_1_268' title='bbox 347 1810 358 1828; x_wconf 87' lang='grc'>,</span> <span class='ocrx_word' id='word_1_269' title='bbox 391 1784 497 1838; x_wconf 89' lang='lat' dir='ltr'><strong>quod</strong></span> <span class='ocrx_word' id='word_1_270' title='bbox 523 1799 669 1825; x_wconf 82' lang='lat' dir='ltr'><strong>vocant</strong></span> <span class='ocrx_word' id='word_1_271' title='bbox 700 1784 769 1825; x_wconf 70' lang='grc' dir='ltr'><strong>ΡΑ</strong></span> <span class='ocrx_word' id='word_1_272' title='bbox 782 1799 805 1824; x_wconf 90' lang='lat'><strong>1.</strong></span> <span class='ocrx_word' id='word_1_273' title='bbox 819 1798 841 1823; x_wconf 79' lang='lat'><strong>1.</strong></span> <span class='ocrx_word' id='word_1_274' title='bbox 854 1799 910 1824; x_wconf 85' lang='lat' dir='ltr'><strong>OP</strong></span> <span class='ocrx_word' id='word_1_275' title='bbox 926 1798 940 1823; x_wconf 95' lang='lat'>1</span> <span class='ocrx_word' id='word_1_276' title='bbox 953 1799 967 1824; x_wconf 91' lang='lat'>1</span> <span class='ocrx_word' id='word_1_277' title='bbox 991 1797 1123 1825; x_wconf 85' lang='lat' dir='ltr'><strong>ortum</strong></span> <span class='ocrx_word' id='word_1_278' title='bbox 1137 1809 1149 1828; x_wconf 88' lang='grc'>,</span> <span class='ocrx_word' id='word_1_279' title='bbox 1172 1781 1292 1836; x_wconf 88' lang='lat' dir='ltr'><strong>inque</strong></span> <span class='ocrx_word' id='word_1_280' title='bbox 1315 1777 1516 1820; x_wconf 77' lang='lat' dir='ltr'><strong>transversi</strong></span> <span class='ocrx_word' id='word_1_281' title='bbox 1547 1774 1713 1819; x_wconf 80' lang='lat' dir='ltr'><strong>musculi</strong></span> 
     </span>
     <span class='ocr_line' id='line_1_29' title="bbox 75 1843 694 1899; baseline 0.002 -17"><span class='ocrx_word' id='word_1_282' title='bbox 75 1843 305 1899; x_wconf 88' lang='lat' dir='ltr'><strong>aponeurofi</strong></span> <span class='ocrx_word' id='word_1_283' title='bbox 326 1856 580 1885; x_wconf 74' lang='lat' dir='ltr'><strong>terminatum</strong></span> <span class='ocrx_word' id='word_1_284' title='bbox 599 1848 649 1897; x_wconf 84' lang='lat' dir='ltr'><strong>(g</strong></span> <span class='ocrx_word' id='word_1_285' title='bbox 664 1847 694 1889; x_wconf 87' lang='lat'><strong>).</strong></span> 
     </span>
    </p>
   </div>
   <div class='ocr_carea' id='block_1_3' title="bbox 1040 1950 1719 2002">
    <p class='ocr_par' dir='ltr' id='par_1_8' title="bbox 1040 1950 1719 2002">
     <span class='ocr_line' id='line_1_30' title="bbox 1040 1950 1719 2002; baseline -0.009 -4"><span class='ocrx_word' id='word_1_286' title='bbox 1040 1957 1061 1998; x_wconf 88' lang='lat' dir='ltr'>I</span> <span class='ocrx_word' id='word_1_287' title='bbox 1123 1973 1146 2001; x_wconf 83' lang='lat'><strong>2.</strong></span> <span class='ocrx_word' id='word_1_288' title='bbox 1511 1959 1544 2002; x_wconf 85' lang='lat'><strong>§.</strong></span> <span class='ocrx_word' id='word_1_289' title='bbox 1571 1950 1719 1993; x_wconf 74' lang='lat' dir='ltr'><strong>XXX.</strong></span> 
     </span>
    </p>
   </div>
   <div class='ocr_carea' id='block_1_4' title="bbox 77 2068 1721 2515">
    <p class='ocr_par' dir='ltr' id='par_1_9' title="bbox 77 2068 1720 2235">
     <span class='ocr_line' id='line_1_31' title="bbox 115 2068 445 2115; baseline 0.009 -12"><span class='ocrx_word' id='word_1_290' title='bbox 115 2068 173 2111; x_wconf 84' lang='lat' dir='ltr'><strong>(y)</strong></span> <span class='ocrx_word' id='word_1_291' title='bbox 195 2075 314 2105; x_wconf 68' lang='lat' dir='ltr'><strong>Gunz.</strong></span> <span class='ocrx_word' id='word_1_292' title='bbox 344 2086 369 2115; x_wconf 87' lang='lat' dir='ltr'><strong>p.</strong></span> <span class='ocrx_word' id='word_1_293' title='bbox 400 2085 445 2106; x_wconf 83' lang='lat'><strong>11.</strong></span> 
     </span>
     <span class='ocr_line' id='line_1_32' title="bbox 117 2109 839 2153; baseline 0.007 -13"><span class='ocrx_word' id='word_1_294' title='bbox 117 2109 155 2148; x_wconf 82' lang='lat' dir='ltr'><strong>(z</strong></span> <span class='ocrx_word' id='word_1_295' title='bbox 199 2120 394 2146; x_wconf 64' lang='lat' dir='ltr'><strong>Wruscow</strong></span> <span class='ocrx_word' id='word_1_296' title='bbox 424 2127 449 2145; x_wconf 90' lang='lat' dir='ltr'><strong>n.</strong></span> <span class='ocrx_word' id='word_1_297' title='bbox 472 2125 521 2153; x_wconf 81' lang='lat'><strong>9¹·</strong></span> <span class='ocrx_word' id='word_1_298' title='bbox 547 2118 683 2146; x_wconf 67' lang='lat' dir='ltr'><strong>ALMN.</strong></span> <span class='ocrx_word' id='word_1_299' title='bbox 709 2115 729 2145; x_wconf 84' lang='lat' dir='ltr'><strong>f.</strong></span> <span class='ocrx_word' id='word_1_300' title='bbox 754 2123 784 2151; x_wconf 82' lang='lat'><strong>4.</strong></span> <span class='ocrx_word' id='word_1_301' title='bbox 812 2122 839 2153; x_wconf 88' lang='lat'><strong>5.</strong></span> 
     </span>
     <span class='ocr_line' id='line_1_33' title="bbox 118 2146 1720 2196; baseline -0.006 -13"><span class='ocrx_word' id='word_1_302' title='bbox 118 2149 156 2189; x_wconf 84' lang='lat' dir='ltr'><strong>(a</strong></span> <span class='ocrx_word' id='word_1_303' title='bbox 197 2156 318 2185; x_wconf 69' lang='lat' dir='ltr'><strong>Gvnz.</strong></span> <span class='ocrx_word' id='word_1_304' title='bbox 353 2168 380 2196; x_wconf 88' lang='lat' dir='ltr'><strong>p.</strong></span> <span class='ocrx_word' id='word_1_305' title='bbox 415 2158 459 2186; x_wconf 83' lang='lat'><strong>18.</strong></span> <span class='ocrx_word' id='word_1_306' title='bbox 492 2157 698 2184; x_wconf 63' lang='grc' dir='ltr'>ΙΛΕυτΑυῐ)</span> <span class='ocrx_word' id='word_1_307' title='bbox 728 2167 756 2195; x_wconf 85' lang='lat' dir='ltr'><strong>p.</strong></span> <span class='ocrx_word' id='word_1_308' title='bbox 782 2164 851 2194; x_wconf 83' lang='lat'><strong>253.</strong></span> <span class='ocrx_word' id='word_1_309' title='bbox 886 2157 1072 2186; x_wconf 63' lang='lat' dir='ltr'><strong>Vennum</strong></span> <span class='ocrx_word' id='word_1_310' title='bbox 1103 2163 1130 2193; x_wconf 82' lang='lat' dir='ltr'><strong>p·</strong></span> <span class='ocrx_word' id='word_1_311' title='bbox 1153 2161 1201 2193; x_wconf 84' lang='lat'><strong>25.</strong></span> <span class='ocrx_word' id='word_1_312' title='bbox 1246 2154 1446 2182; x_wconf 51' lang='lat' dir='ltr'><strong>Bannaur</strong></span> <span class='ocrx_word' id='word_1_313' title='bbox 1467 2146 1661 2189; x_wconf 76' lang='lat' dir='ltr'><strong>splanchnolog.</strong></span> <span class='ocrx_word' id='word_1_314' title='bbox 1691 2156 1720 2185; x_wconf 84' lang='lat' dir='ltr'><strong>p.</strong></span> 
     </span>
     <span class='ocr_line' id='line_1_34' title="bbox 77 2190 673 2235; baseline 0.01 -17"><span class='ocrx_word' id='word_1_315' title='bbox 77 2190 127 2228; x_wconf 88' lang='lat'><strong>78.</strong></span> <span class='ocrx_word' id='word_1_316' title='bbox 152 2194 335 2224; x_wconf 74' lang='lat' dir='ltr'><strong>PLATNER</strong></span> <span class='ocrx_word' id='word_1_317' title='bbox 359 2198 389 2226; x_wconf 83' lang='lat' dir='ltr'><strong>de</strong></span> <span class='ocrx_word' id='word_1_318' title='bbox 419 2197 550 2234; x_wconf 78' lang='lat' dir='ltr'><strong>hydrocele</strong></span> <span class='ocrx_word' id='word_1_319' title='bbox 575 2207 604 2235; x_wconf 82' lang='lat' dir='ltr'><strong>p.</strong></span> <span class='ocrx_word' id='word_1_320' title='bbox 628 2205 673 2225; x_wconf 87' lang='lat'><strong>12.</strong></span> 
     </span>
    </p>

    <p class='ocr_par' dir='ltr' id='par_1_10' title="bbox 77 2227 1721 2316">
     <span class='ocr_line' id='line_1_35' title="bbox 99 2227 1721 2276; baseline -0.001 -16"><span class='ocrx_word' id='word_1_321' title='bbox 99 2229 344 2275; x_wconf 30' lang='lat' dir='ltr'><strong>¹(b)A1.1³1N.</strong></span> <span class='ocrx_word' id='word_1_322' title='bbox 372 2248 397 2276; x_wconf 86' lang='lat' dir='ltr'><strong>p.</strong></span> <span class='ocrx_word' id='word_1_323' title='bbox 436 2238 505 2274; x_wconf 83' lang='lat'><strong>283.</strong></span> <span class='ocrx_word' id='word_1_324' title='bbox 541 2235 562 2266; x_wconf 88' lang='lat' dir='ltr'><strong>f.</strong></span> <span class='ocrx_word' id='word_1_325' title='bbox 597 2244 627 2270; x_wconf 86' lang='lat'><strong>4.</strong></span> <span class='ocrx_word' id='word_1_326' title='bbox 665 2243 692 2275; x_wconf 86' lang='lat'><strong>5.</strong></span> <span class='ocrx_word' id='word_1_327' title='bbox 724 2237 927 2266; x_wconf 75' lang='grc' dir='ltr'><strong>ΕυετΛοιι.</strong></span> <span class='ocrx_word' id='word_1_328' title='bbox 966 2234 1004 2264; x_wconf 77' lang='grc' dir='ltr'><strong>Τ.</strong></span> <span class='ocrx_word' id='word_1_329' title='bbox 1040 2242 1087 2272; x_wconf 86' lang='lat'><strong>3²·</strong></span> <span class='ocrx_word' id='word_1_330' title='bbox 1127 2234 1345 2264; x_wconf 65' lang='lat' dir='ltr'><strong>Suom-„rus</strong></span> <span class='ocrx_word' id='word_1_331' title='bbox 1373 2230 1415 2260; x_wconf 78' lang='lat' dir='ltr'><strong>T.</strong></span> <span class='ocrx_word' id='word_1_332' title='bbox 1455 2237 1503 2259; x_wconf 82' lang='grc' dir='ltr'><strong>ιο.</strong></span> <span class='ocrx_word' id='word_1_333' title='bbox 1543 2227 1721 2256; x_wconf 69' lang='lat' dir='ltr'><strong>FANTON·</strong></span> 
     </span>
     <span class='ocr_line' id='line_1_36' title="bbox 77 2268 493 2316; baseline 0.019 -17"><span class='ocrx_word' id='word_1_334' title='bbox 77 2268 135 2306; x_wconf 80' lang='lat' dir='ltr'><strong>lust.</strong></span> <span class='ocrx_word' id='word_1_335' title='bbox 158 2282 230 2301; x_wconf 80' lang='lat' dir='ltr'><strong>anat.</strong></span> <span class='ocrx_word' id='word_1_336' title='bbox 256 2276 299 2305; x_wconf 84' lang='lat' dir='ltr'><strong>ed.</strong></span> <span class='ocrx_word' id='word_1_337' title='bbox 321 2278 372 2306; x_wconf 84' lang='lat' dir='ltr'><strong>ult.</strong></span> <span class='ocrx_word' id='word_1_338' title='bbox 399 2288 425 2316; x_wconf 87' lang='lat' dir='ltr'><strong>p.</strong></span> <span class='ocrx_word' id='word_1_339' title='bbox 444 2279 493 2312; x_wconf 84' lang='lat'><strong>48.</strong></span> 
     </span>
    </p>

    <p class='ocr_par' dir='ltr' id='par_1_11' title="bbox 119 2307 490 2395">
     <span class='ocr_line' id='line_1_37' title="bbox 119 2307 490 2395; baseline 0.016 -15"><span class='ocrx_word' id='word_1_340' title='bbox 119 2307 344 2389; x_wconf 51' lang='grc' dir='ltr'>ἓῖί))ηΑὲἕὶΝ.</span> <span class='ocrx_word' id='word_1_341' title='bbox 373 2366 400 2394; x_wconf 84' lang='lat' dir='ltr'><strong>p.</strong></span> <span class='ocrx_word' id='word_1_342' title='bbox 421 2357 490 2395; x_wconf 86' lang='lat'><strong>283.</strong></span> 
     </span>
    </p>

    <p class='ocr_par' dir='ltr' id='par_1_12' title="bbox 121 2392 1164 2436">
     <span class='ocr_line' id='line_1_38' title="bbox 121 2392 1164 2436; baseline 0.001 -13"><span class='ocrx_word' id='word_1_343' title='bbox 121 2392 182 2431; x_wconf 82' lang='lat' dir='ltr'><strong>(e)</strong></span> <span class='ocrx_word' id='word_1_344' title='bbox 204 2398 491 2425; x_wconf 69' lang='lat' dir='ltr'><strong>Wzrrsazcur</strong></span> <span class='ocrx_word' id='word_1_345' title='bbox 516 2399 656 2426; x_wconf 80' lang='lat' dir='ltr'><strong>Commem.</strong></span> <span class='ocrx_word' id='word_1_346' title='bbox 683 2396 766 2426; x_wconf 82' lang='lat' dir='ltr'><strong>Acad.</strong></span> <span class='ocrx_word' id='word_1_347' title='bbox 790 2398 888 2436; x_wconf 75' lang='lat' dir='ltr'><strong>Petrop.</strong></span> <span class='ocrx_word' id='word_1_348' title='bbox 905 2395 942 2426; x_wconf 84' lang='lat' dir='ltr'><strong>T.</strong></span> <span class='ocrx_word' id='word_1_349' title='bbox 971 2395 1026 2427; x_wconf 75' lang='lat' dir='ltr'><strong>lv.</strong></span> <span class='ocrx_word' id='word_1_350' title='bbox 1045 2405 1071 2434; x_wconf 87' lang='lat' dir='ltr'><strong>p.</strong></span> <span class='ocrx_word' id='word_1_351' title='bbox 1097 2396 1164 2425; x_wconf 70' lang='lat'><strong>26⁶.</strong></span> 
     </span>
    </p>

    <p class='ocr_par' dir='ltr' id='par_1_13' title="bbox 116 2429 761 2477">
     <span class='ocr_line' id='line_1_39' title="bbox 116 2429 761 2477; baseline 0.008 -16"><span class='ocrx_word' id='word_1_352' title='bbox 116 2429 377 2472; x_wconf 72' lang='lat' dir='ltr'><strong>(f)Ruon1us</strong></span> <span class='ocrx_word' id='word_1_353' title='bbox 402 2437 512 2477; x_wconf 71' lang='lat' dir='ltr'><strong>mamiffi</strong></span> <span class='ocrx_word' id='word_1_354' title='bbox 535 2445 611 2466; x_wconf 76' lang='lat' dir='ltr'><strong>anat.</strong></span> <span class='ocrx_word' id='word_1_355' title='bbox 633 2447 660 2466; x_wconf 88' lang='lat' dir='ltr'><strong>n.</strong></span> <span class='ocrx_word' id='word_1_356' title='bbox 685 2439 712 2466; x_wconf 87' lang='lat'><strong>6.</strong></span> <span class='ocrx_word' id='word_1_357' title='bbox 732 2445 761 2474; x_wconf 92' lang='lat'><strong>7.</strong></span> 
     </span>
    </p>

    <p class='ocr_par' dir='ltr' id='par_1_14' title="bbox 119 2472 454 2515">
     <span class='ocr_line' id='line_1_40' title="bbox 119 2472 454 2515; baseline 0.012 -14"><span class='ocrx_word' id='word_1_358' title='bbox 119 2472 180 2513; x_wconf 87' lang='lat' dir='ltr'><strong>(g)</strong></span> <span class='ocrx_word' id='word_1_359' title='bbox 203 2474 324 2504; x_wconf 65' lang='lat' dir='ltr'><strong>Gunz.</strong></span> <span class='ocrx_word' id='word_1_360' title='bbox 359 2486 385 2515; x_wconf 87' lang='lat' dir='ltr'><strong>p.</strong></span> <span class='ocrx_word' id='word_1_361' title='bbox 410 2477 454 2505; x_wconf 79' lang='lat'><strong>18.</strong></span> 
     </span>
    </p>
   </div>
  </div>
 </body>
</html>
