1965 2677
555 134 953 188 δἘΟἹῘΙΙΙ.
1014 139 1299 186 TONL'
1620 163 1702 201 445

71 247 141 301 per
161 240 338 283 medium
356 237 552 292 ejusmodi
566 238 742 283 taeniam,
765 251 853 278 nam
870 235 966 280 solet
987 236 1041 278 ita
1056 251 1221 283 vocare,
1249 238 1290 278 in
1302 237 1394 279 duas
1420 239 1588 282 chordas
1616 239 1702 282 abi-

72 315 114 342 re
128 328 138 347 ‚
161 315 323 356 quarum
341 313 499 354 quaeque
516 301 693 340 oaavam
714 297 932 339 acutiorem
950 296 1091 354 prioris
1112 296 1201 338 toni
1223 296 1354 337 reddit
1375 302 1394 346 (
1403 313 1427 353 p
1439 304 1467 346 ).

106 372 109 394 ῑ
129 360 174 401 Si
194 358 402 414 inaequales
434 357 639 415 portiones
662 355 802 398 feceris
815 383 826 403 ‚
858 354 1099 411 inaequaliter
1122 355 1241 397 etiam
1258 356 1364 411 super
1376 356 1549 412 priorem
1566 372 1707 402 tonum

73 428 153 462 vox
175 416 417 464 adscendet(
428 421 488 473 q).
521 415 564 457 Si
584 415 737 456 alterius
770 414 975 469 ligamenti
1013 414 1185 456 mediam
1208 430 1359 471 partem
1390 415 1553 459 liberam
1585 418 1706 459 dimi-

70 478 164 519 seris
182 503 195 520 ,
229 476 507 517 alterum'v'ero
541 490 669 516 toturn
690 502 700 520 ‚
733 488 826 515 tunc
849 473 1010 528 quidem
1030 473 1265 532 symphonia
1287 472 1331 514 fit
1346 499 1357 518 ,
1400 474 1566 516 duorum
1583 490 1706 518 tono-

72 549 159 578 rum
177 560 188 581 ,
213 535 281 590 qui
315 537 449 577 octava
493 534 629 575 distant
647 539 660 581 (
681 539 742 578 r).
778 533 964 587 Denique
997 533 1062 575 vel
1088 547 1295 587 utrumque
1328 531 1607 586 ligamentum,
1645 536 1709 578 vel

72 595 238 637 alterum
259 592 382 635 solum
402 620 415 637 2
438 593 484 635 ab
513 593 625 634 omni
645 591 717 632 alia
739 607 846 649 parte
874 591 986 632 firma
1007 591 1186 648 corporis
1228 592 1433 648 separavit,
1468 607 1510 635 ut
1539 594 1706 635 omnino

70 653 142 695 soli
162 651 261 694 fines
284 667 487 693 manerent
508 651 705 693 immutati
721 678 732 696 ‚
768 656 808 692 ὅ(
831 667 925 691 tunc
953 650 1113 705 quidem
1131 678 1143 698 ,
1176 650 1305 692 deleta
1334 649 1411 705 jam
1430 650 1597 706 glottide
1613 679 1625 699 ,
1656 653 1708 695 ii-

72 713 165 755 dem
183 739 194 759 ,
218 711 285 768 qui
306 712 452 753 dudum
469 738 480 757 ,
515 711 603 752 toni
627 710 840 751 redduntur
871 714 916 757 (s
934 713 963 756 ).

131 771 255 812 Porro
284 786 326 812 ut
359 770 498 812 diversi
521 769 609 810 toni
642 769 688 809 ab
724 767 890 809 homine
916 768 1013 810 vivo
1043 768 1307 824 producantur
1325 795 1337 815 ,
1371 769 1543 810 sufficere
1578 769 1707 815 vidit„

70 829 333 884 'fs-ligamenta
353 830 490 870 sonora
522 828 635 870 aliter
673 833 713 869 ὃς
743 827 853 869 aliter
887 827 1154 868 tenderentur.
1183 827 1231 867 In
1256 827 1419 885 larynge
1443 844 1536 881 ergo
1552 845 1614 871 aut
1633 831 1709 871 ho-

76 889 221 936 minis,
244 903 307 930 aut
331 889 470 934 bestiae,
494 888 639 929 incisor
656 887 868 940 ligamenta
885 887 1093 928 retrorsum
1115 885 1248 927 educit
1265 913 1278 932 ,
1299 887 1508 942 tenditque
1526 914 1537 933 ,
1569 904 1708 930 aerem*

72 964 149 1004 que
169 963 244 990 una
256 948 363 989 inflat
374 964 393 994 ¹,
409 948 464 988 ita
479 963 550 1005 pro
565 946 674 989 vario
698 947 948 987 incremento
963 945 1240 999 longitudinis,
1260 947 1565 1002 quartffiquinta,
1579 950 1713 990 oetam

73 1007 217 1065 prioris
240 1007 325 1048 soni
365 1007 517 1049 auditur
537 1013 551 1055 (
568 1012 624 1055 t).
660 1006 804 1061 Neque
824 1004 977 1046 adtinet
1005 1004 1147 1046 iterum
1173 1032 1184 1051 ,
1206 1019 1301 1045 num
1342 1006 1481 1047 arctior
1496 1007 1539 1046 fit
1556 1006 1711 1061 glottis,

70 1080 168 1108 num
182 1066 349 1108 viciffim
370 1066 484 1115 latior
502 1071 554 1113 (u
571 1070 585 1114 )
605 1092 617 1111 ‚
641 1069 682 1106 <Sc
722 1066 882 1106 demum
918 1064 1143 1106 altemtrum
1166 1062 1423 1117 ligamentum
1447 1064 1568 1108 solum
1585 1093 1596 1112 ‚
1621 1067 1716 1108 dum

73 1125 304 1167 distenditur
320 1152 346 1170 ‚-
376 1137 542 1166 acumen
564 1124 687 1166 vocis
709 1123 886 1165 intendit
911 1128 1026 1172 (π).Δ
1049 1124 1238 1164 Sufficere
1266 1138 1395 1164 autem
1422 1124 1564 1180 repetit
1585 1125 1644 1168 vit
1667 1124 1716 1165 cl.

72 1198 129 1225 ut>
144 1199 282 1224 omnes
298 1184 503 1224 varietates
524 1184 637 1224 vocis
657 1184 837 1223 humanae
855 1183 1177 1238 repraesententur
1192 1209 1203 1228 ‚
1235 1183 1263 1222 fi
1280 1181 1423 1223 duabus
1446 1198 1509 1225 aut
1527 1184 1650 1227 tribus
1667 1183 1717 1226 li-

73 1242 159 1285 neis
181 1241 489 1294 ligamentorum
506 1240 714 1295 longitudo
733 1240 903 1282 varietur
935 1244 985 1296 (y
1000 1246 1029 1289 >.
1148 1273 1151 1278 .

132 1302 282 1342 Iterum
313 1300 491 1346 invenit,
524 1301 631 1358 poffe
652 1299 764 1342 tendi
794 1299 1006 1353 ligamenta
1042 1297 1248 1352 glottidis‚
1278 1303 1318 1340 &
1364 1299 1545 1354 longiora
1576 1302 1716 1350 reddi,

70 1360 168 1402 hinc
184 1359 346 1415 quidem
366 1360 579 1401 antrorsum
598 1358 752 1417 prolata
774 1356 1002 1410 cartilagine
1027 1357 1248 1400 scutiformi
1264 1383 1276 1403 ‚
1328 1357 1425 1401 inde
1445 1362 1723 1414 arytaenoideis*

71 1417 363 1472 cartilaginibus
385 1419 433 1459 ad
451 1420 619 1460 aversam
636 1418 768 1459 sedem
791 1417 958 1459 redueris
983 1423 997 1466 (
1017 1420 1079 1465 z).
1115 1417 1215 1458 Eam
1237 1431 1332 1458 vero
1366 1420 1627 1461 mutationem
1658 1421 1717 1463 fa-

72 1477 153 1519 cile
185 1477 262 1519 esse
284 1477 446 1518 duarum
476 1478 647 1519 triumve
671 1476 886 1522 linearum,
922 1477 1101 1532 adeoque
1124 1477 1170 1517 ad
1208 1476 1505 1533 producendam
1534 1479 1714 1522 sonoram

72 1537 304 1579 varietatem
325 1535 497 1577 sufficere
519 1540 572 1585 (a
591 1542 620 1584 ).
652 1537 704 1577 Se
722 1535 831 1576 enim
846 1561 857 1581 ,
890 1535 985 1577 dum
1005 1550 1081 1577 una
1102 1534 1145 1575 in
1163 1534 1328 1593 larynge
1354 1537 1550 1579 variorum
1570 1539 1721 1584 anima-

72 1594 172 1638 lium
187 1594 343 1636 diverfis
366 1594 501 1636 modis.
516 1594 729 1648 ligamenta
745 1593 864 1635 toties
883 1594 1077 1637 cele-brata
1095 1595 1303 1640 tendebat,
1328 1610 1467 1638 omnes
1478 1611 1616 1639 eorum
1638 1598 1718 1639 ani-

76 1653 238 1699 malium
255 1654 422 1696 variatos
448 1653 490 1695 in
507 1669 609 1733 vace
631 1653 990 1712 tonosproducere
1018 1657 1067 1703 <h
1086 1657 1114 1700 ).

938 1772 980 1813 K
995 1774 1019 1812 k
1037 1773 1062 1811 k
1103 1788 1121 1821 3
1594 1773 1713 1816 Eum=

110 1898 269 1947 (p)1bid.
297 1902 327 1933 ὃ(
354 1910 422 1942 431.
443 1901 517 1933 conf.
546 1902 689 1932 Runcn
711 1911 737 1940 p.
761 1905 806 1941 36.

107 1941 318 2060 {ggxl'buss-n·
339 1985 599 2013 MONTAGNAT
623 1980 752 2023 r‘clairciffi
775 1995 801 2022 p.
821 1990 869 2019 47.
898 1991 944 2023 57.
974 1983 1022 2021 58.
1048 1984 1083 2013 ad
1106 1982 1251 2022 proprium
1275 1981 1501 2021 experimentum.

135 2023 170 2062 s)
190 2033 217 2061 p.
235 2031 304 2058 422.
332 2033 400 2061 430.
421 2025 686 2053 Moru-murt
713 2024 845 2063 §claircnff
866 2035 892 2060 ρ.
915 2032 964 2060 97.
989 2024 1019 2051 Sc
1048 2024 1077 2053 in
1103 2024 1200 2054 thefib.
1230 2026 1263 2054 E.
1294 2033 1349 2053 vox
1371 2024 1525 2063 hnmanaga
1543 2023 1647 2063 sonoris
1663 2022 1721 2058 W

109 2073 122 2091 s
140 2063 240 2102 plcffro
265 2067 434 2105 pneumatica
458 2067 534 2094 metir
557 2066 659 2094 oritur.
688 2063 720 2093 ὅ(
751 2064 826 2095 conf.
845 2064 979 2094 Runa
1006 2073 1035 2102 p.
1064 2070 1109 2103 35.
1138 2068 1183 2103 36.

111 2101 312 2184 (tgflgizun
326 2113 363 2135 ιιι
384 2115 411 2145 p.
432 2112 501 2140 4²4-

135 2196 154 2212 κ
197 2184 273 2215 Ibid.
1092 2195 1094 2198 ·

135 2236 150 2264 y
188 2226 257 2255 Tre:
288 2234 404 2264 quatuor
429 2226 516 2258 lineas
542 2224 685 2264 habetCh
706 2226 979 2268 ΜοκτΑα-κᾼῑ,
1001 2225 1030 2258 in
1050 2224 1117 2265 thes.

138 2274 155 2293 2
