1965 2677
305 133 666 182 SEC'T.IV.
732 142 885 194 EJUS
933 142 1392 183 PHAENOMENA.
1519 151 1639 208 ⁶25,-

65 235 197 275 somno
222 239 433 288 perturbato
459 238 781 276 nostambulonum
803 240 925 276 onmia
953 239 1025 276 fere
1046 251 1179 287 organa
1197 239 1394 277 voluntatis
1421 246 1639 288 operantur:

68 298 105 333 in
130 296 258 333 somno
294 297 477 346 aliquanto
519 300 637 334 minus
676 298 804 335 vitioso
837 298 894 334 alii
924 298 1091 335 homines
1119 299 1226 336 noctu
1258 307 1377 335 tamen
1417 298 1642 347 loquuntur;

66 357 172 404 pauci
197 355 274 393 sunt
292 384 301 398 ,
331 359 393 407 qni
424 356 571 394 subinde
597 368 728 405 corpus
754 369 829 393 non
848 364 1069 394 convertant.

127 414 248 450 Animi
296 412 454 451 efficaces
480 415 636 452 adrestos
662 416 716 452 vel
753 427 797 452 ex
833 415 921 453 sono
963 415 1202 465 respirationis
1241 416 1499 454 dormientium
1531 418 1644 464 perci-

67 474 153 524 pias,
177 485 284 521 quem
300 480 440 515 metus,
477 474 634 515 tristitia,
668 475 894 512 incommodi
929 474 1071 517 sensuS,
1118 475 1316 524 gaudiique
1353 475 1415 512 suo
1448 475 1644 512 charactere

67 532 262 579 distinguit.
319 531 409 568 Sunt
433 534 467 568 in
493 532 622 569 somno
658 534 702 570 ad
729 533 849 575 suum,
897 534 932 569 &
964 534 1112 582 quidem
1160 535 1375 583 peculiarem
1407 536 1537 582 cuique
1579 534 1645 570 ho-

67 592 156 626 mini
190 591 367 632 modum,
392 591 548 629 conflexi
575 601 694 634 artus,
738 604 830 641 quos
859 593 983 640 utique
1017 592 1210 630 voluntarii
1260 593 1409 631 musculi
1438 605 1482 630 eo
1514 594 1550 628 in
1580 592 1645 629 fitu

66 651 233 686 retinent.
298 650 389 687 Sunt
422 650 526 688 claust
556 650 788 701 sphincteres,
838 650 959 689 clausae
979 651 1175 700 palpebrae,
1242 654 1277 689 &
1311 664 1355 689 ex
1384 651 1645 689 consuetudine

66 708 267 746 voluntaria
297 708 423 751 claufi,
471 721 534 757 per
571 716 709 747 metum
746 711 890 757 primo,
928 709 1080 752 deinde,
1116 711 1236 748 deleto
1284 703 1403 748 metus
1439 710 1560 752 sensu,
1596 719 1646 748 ta-

65 779 149 803 men
172 779 235 816 per
269 767 417 804 eosdem
441 767 647 811 musculos,
675 779 768 817 quos
794 767 910 806 solum
939 769 1126 806 arbitrium
1155 772 1256 818 regit.
1325 769 1442 807 Multa
1475 781 1563 818 ergo
1582 781 1648 806 vo-

66 823 192 867 lentis,
227 825 362 875 suisque
384 838 449 875 pro
474 828 620 864 arbitrio
656 826 823 864 musculis
851 828 977 865 animae
1000 829 1106 864 etiam
1138 829 1176 865 in
1207 828 1337 866 somno
1361 829 1506 877 vestigia
1553 829 1644 866 sunt.

8 933 10 935 Ι
65 885 266 933 Apoplexia
286 887 403 933 gravis
437 886 473 922 δε
500 885 691 923 morbosus
718 885 865 924 somnus
897 886 954 923 est.
1004 886 1112 924 Recte
1141 887 1200 925 hic
1225 888 1389 925 WHYT
1406 899 1430 923 'r
1450 899 1460 923 1
1477 900 1527 924 us
1548 889 1644 934 [q],

67 955 112 980 eo
154 945 190 980 in
226 945 362 981 cerebri
391 944 517 981 adfeffi
563 945 679 987 statu,
727 945 771 982 ad
826 945 1009 984 stimulum
1042 945 1216 983 leviorem
1253 947 1369 988 surdi,
1420 948 1647 984 intervallum

66 1004 158 1039 inter
199 1002 286 1040 duas
329 1001 574 1051 respirationes
623 1003 769 1051 longius
815 1003 911 1046 esse,
988 1005 1024 1041 &
1066 1015 1089 1049 7
1120 1005 1163 1042 ad
1199 1017 1248 1042 10
1295 1005 1448 1049 secunda
1482 1007 1644 1046 minuta,

65 1061 183 1110 adque
208 1073 261 1106 40
289 1061 408 1111 pulsus
435 1063 613 1112 produci,
650 1063 750 1112 quod
784 1064 901 1100 anima
934 1063 1112 1112 impedito
1150 1065 1324 1107 cerebro,
1375 1064 1511 1101 malum
1546 1064 1649 1102 suunt

67 1132 142 1157 non
178 1121 275 1169 prius
311 1120 464 1163 sentiat,
510 1133 619 1171 quam
658 1121 841 1159 summum
869 1121 1001 1159 fastum
1037 1122 1093 1158 est.
1139 1122 1208 1160 Sed
1246 1124 1527 1160 incommodum
1579 1123 1650 1160 sani

65 1181 336 1228 praevertimus,
375 1180 474 1229 quod
497 1180 679 1229 ρτοάυὲὶεε
719 1180 940 1229 inspirationi
985 1180 1162 1224 succedit,
1199 1183 1389 1231 postquam
1427 1183 1649 1230 experiendo

65 1239 278 1281 didicimus,
311 1239 516 1276 inevitabile
546 1239 678 1277 malum
707 1251 776 1277 nos
800 1238 1074 1289 oppressurum,
1115 1252 1223 1288 quam
1253 1243 1413 1290 primum
1443 1242 1515 1278 hoc
1548 1250 1652 1279 natu-

65 1308 112 1334 rae
137 1297 299 1334 debitum
322 1297 542 1346 negligimus
567 1297 776 1347 persolvere.
819 1299 918 1348 Saepe
940 1299 1031 1336 mih-i
1056 1299 1244 1337 meditanti
1265 1302 1422 1338 anxietas
1447 1311 1492 1336 ex
1515 1302 1652 1349 impro-

65 1355 141 1393 viso
168 1356 372 1404 supervenit
389 1385 400 1398 ,
419 1357 573 1406 ⁴quando
602 1357 787 1394 stimulum
816 1358 1021 1394 nascentem
1036 1358 1278 1405 neglexeram.
1329 1358 1530 1396 Mediocris
1552 1361 1650 1397 enim

66 1413 270 1452 dissimulari
308 1415 438 1463 potest.
492 1414 635 1453 Verum·
667 1422 755 1453 tunc
791 1418 937 1464 gravior
960 1418 1011 1463 vis
1043 1417 1251 1455 necessitatis
1282 1419 1318 1454 in
1362 1430 1421 1454 me
1460 1419 1646 1461 incubuit,

64 1474 259 1522 annusque
287 1473 448 1511 stimulus
477 1475 673 1522 prementis
705 1474 814 1517 mali,
850 1477 908 1512 cui
935 1487 1046 1512 nemo
1068 1475 1192 1513 refistit
1220 1477 1283 1513 nifi
1311 1478 1507 1514 moriturus
1546 1476 1598 1526 [r
1612 1476 1645 1526 ].

64 1531 118 1570 Ita
133 1532 289 1581 denique
314 1534 353 1570 in
383 1532 502 1580 legem
523 1534 656 1571 abeunt
682 1532 825 1571 alternae
855 1536 950 1571 vices
985 1534 1244 1583 exspirationis,
1280 1537 1317 1573 δε
1347 1537 1384 1572 in
1407 1536 1480 1572 alio
1529 1548 1652 1572 exem·
1685 1540 1692 1546 '

63 1591 177 1645 ploin
189 1591 308 1640 legem
324 1592 397 1629 abit
428 1591 516 1641 saepe
534 1594 727 1641 repetitum
762 1594 1055 1642 experimentum
1088 1595 1349 1637 incommodi,
1392 1596 1445 1631 uti
1468 1593 1651 1644 palpebra-

67 1663 151 1688 rum
188 1651 361 1688 nictitatio
397 1650 441 1688 ad
477 1651 597 1689 lucem
636 1652 745 1701 paulo
780 1651 996 1695 fortiorem,
1020 1652 1267 1703 sponte'quasl
1293 1654 1369 1695 sua,
1399 1654 1435 1690 &
1471 1665 1649 1691 nonme-

69 1709 184 1750 ditato
219 1711 363 1759 pergit,
399 1722 479 1759 quae
511 1717 631 1747 tamen
660 1721 766 1748 merae
791 1710 986 1753 volun-tatis
1008 1711 1060 1749 fit.

127 1768 275 1814 Quare,
320 1768 440 1806 donec
473 1769 622 1807 meliora
663 1781 740 1806 non
781 1769 969 1812 didicero,
1022 1771 1082 1809 hic
1131 1783 1214 1809 cum
1256 1770 1507 1809 famoso
1542 1771 1614 1821 [s]
1638 1775 1653 1809 .’

66 1827 317 1870 STAHLlo,
345 1826 528 1875 Francisco
581 1827 626 1865 de
667 1828 929 1866 SAUVAGES
964 1827 1063 1877 [t]‚
1100 1829 1250 1867 Roherto
1286 1830 1489 1868 err
1531 1833 1645 1884 [u],

63 1886 215 1937 aliisque
238 1885 324 1939 [x]
350 1888 495 1937 nuperis
521 1886 671 1929 medicis
698 1888 853 1926 omnino
886 1886 1127 1930 neceffitatem
1160 1890 1295 1927 vicium
1335 1889 1573 1939 respirationis
1605 1890 1649 1927 ad

1525 1959 1646 1987 anxie-

136 2073 153 2102 q
166 2062 182 2098 ]
211 2062 257 2093 On
271 2061 347 2091 vital
365 2064 486 2094 motiom
501 2074 528 2102 p.
547 2071 615 2100 192.

137 2103 179 2137 r]
199 2101 271 2132 Ibid.
291 2113 320 2141 p.
340 2112 407 2133 200.
427 2113 496 2136 201.

136 2143 174 2177 s]
194 2144 284 2173 Anat.
311 2153 338 2182 p.
358 2150 427 2182 338.

110 2185 127 2219 [
139 2183 173 2217 t]
197 2181 297 2221 Respir.
314 2184 445 2223 difficult.
469 2195 496 2223 p.
515 2193 560 2216 10.
595 2186 621 2216 D
633 2195 679 2217 Λο
690 2195 710 2216 υ
723 2196 736 2217 s
747 2195 770 2218 ¹1·
783 2197 798 2218 ις
809 2195 858 2217 Nc
876 2188 931 2218 ἃς.

109 2223 183 2260 [u]
205 2223 222 2252 l.
239 2233 264 2253 c.
286 2234 314 2261 p.
336 2235 399 2261 ¹92·
421 2232 483 2263 ¹78<
507 2236 574 2263 ¹79-

109 2266 126 2301 [
136 2264 183 2299 x]
207 2263 227 2293 B
241 2274 256 2293 n
269 2274 287 2293 a
299 2274 318 2293 c,
330 2276 341 2294 ι
355 2276 372 2295 z
387 2276 404 2295 a
431 2269 502 2304 Ergo
527 2265 670 2306 respiratio
697 2268 730 2306 ιβ
745 2275 837 2298 motus
862 2267 1038 2307 sympathico
1054 2269 1227 2299 mechanicus
1249 2267 1330 2300 Paris.
1353 2277 1407 2307 ¹74
1415 2273 1438 2307 ξι
1481 2269 1511 2300 E.
1528 2269 1563 2301 A.
1579 2272 1607 2303 N
1619 2282 1643 2301 x-

67 2307 168 2339 'cozan
193 2315 250 2338 ,von
258 2305 311 2339 der
325 2307 586 2346 Einbildungskraft
600 2318 631 2347 p.
647 2317 715 2339 2¹0.
750 2311 778 2340 δι
789 2320 816 2340 n.
837 2319 882 2348 η.

186 2396 310 2438 Haller
341 2397 527 2450 Phffiolog.
593 2401 701 2441 Tom.
735 2403 814 2443 III.
1168 2402 1227 2441 LI

105 2064 126 2179 Γῆν-ἾΓἿ
